%YAML 1.1
%TAG !u! tag:unity3d.com,2011:
--- !u!29 &1
OcclusionCullingSettings:
  m_ObjectHideFlags: 0
  serializedVersion: 2
  m_OcclusionBakeSettings:
    smallestOccluder: 5
    smallestHole: 0.25
    backfaceThreshold: 100
  m_SceneGUID: 00000000000000000000000000000000
  m_OcclusionCullingData: {fileID: 0}
--- !u!104 &2
RenderSettings:
  m_ObjectHideFlags: 0
  serializedVersion: 9
  m_Fog: 0
  m_FogColor: {r: 0.5, g: 0.5, b: 0.5, a: 1}
  m_FogMode: 3
  m_FogDensity: 0.01
  m_LinearFogStart: 0
  m_LinearFogEnd: 300
  m_AmbientSkyColor: {r: 0.212, g: 0.227, b: 0.259, a: 1}
  m_AmbientEquatorColor: {r: 0.114, g: 0.125, b: 0.133, a: 1}
  m_AmbientGroundColor: {r: 0.047, g: 0.043, b: 0.035, a: 1}
  m_AmbientIntensity: 1
  m_AmbientMode: 0
  m_SubtractiveShadowColor: {r: 0.42, g: 0.478, b: 0.627, a: 1}
  m_SkyboxMaterial: {fileID: 10304, guid: 0000000000000000f000000000000000, type: 0}
  m_HaloStrength: 0.5
  m_FlareStrength: 1
  m_FlareFadeSpeed: 3
  m_HaloTexture: {fileID: 0}
  m_SpotCookie: {fileID: 10001, guid: 0000000000000000e000000000000000, type: 0}
  m_DefaultReflectionMode: 0
  m_DefaultReflectionResolution: 128
  m_ReflectionBounces: 1
  m_ReflectionIntensity: 1
  m_CustomReflection: {fileID: 0}
  m_Sun: {fileID: 0}
  m_IndirectSpecularColor: {r: 0.3731193, g: 0.38073996, b: 0.35872698, a: 1}
  m_UseRadianceAmbientProbe: 0
--- !u!157 &3
LightmapSettings:
  m_ObjectHideFlags: 0
  serializedVersion: 11
  m_GIWorkflowMode: 0
  m_GISettings:
    serializedVersion: 2
    m_BounceScale: 1
    m_IndirectOutputScale: 1
    m_AlbedoBoost: 1
    m_EnvironmentLightingMode: 0
    m_EnableBakedLightmaps: 1
    m_EnableRealtimeLightmaps: 1
  m_LightmapEditorSettings:
    serializedVersion: 10
    m_Resolution: 2
    m_BakeResolution: 40
    m_AtlasSize: 1024
    m_AO: 0
    m_AOMaxDistance: 1
    m_CompAOExponent: 1
    m_CompAOExponentDirect: 0
    m_Padding: 2
    m_LightmapParameters: {fileID: 0}
    m_LightmapsBakeMode: 1
    m_TextureCompression: 1
    m_FinalGather: 0
    m_FinalGatherFiltering: 1
    m_FinalGatherRayCount: 256
    m_ReflectionCompression: 2
    m_MixedBakeMode: 2
    m_BakeBackend: 1
    m_PVRSampling: 1
    m_PVRDirectSampleCount: 32
    m_PVRSampleCount: 500
    m_PVRBounces: 2
    m_PVRFilterTypeDirect: 0
    m_PVRFilterTypeIndirect: 0
    m_PVRFilterTypeAO: 0
    m_PVRFilteringMode: 1
    m_PVRCulling: 1
    m_PVRFilteringGaussRadiusDirect: 1
    m_PVRFilteringGaussRadiusIndirect: 5
    m_PVRFilteringGaussRadiusAO: 2
    m_PVRFilteringAtrousPositionSigmaDirect: 0.5
    m_PVRFilteringAtrousPositionSigmaIndirect: 2
    m_PVRFilteringAtrousPositionSigmaAO: 1
    m_ShowResolutionOverlay: 1
  m_LightingDataAsset: {fileID: 0}
  m_UseShadowmask: 1
--- !u!196 &4
NavMeshSettings:
  serializedVersion: 2
  m_ObjectHideFlags: 0
  m_BuildSettings:
    serializedVersion: 2
    agentTypeID: 0
    agentRadius: 0.5
    agentHeight: 2
    agentSlope: 45
    agentClimb: 0.4
    ledgeDropHeight: 0
    maxJumpAcrossDistance: 0
    minRegionArea: 2
    manualCellSize: 0
    cellSize: 0.16666667
    manualTileSize: 0
    tileSize: 256
    accuratePlacement: 0
    debug:
      m_Flags: 0
  m_NavMeshData: {fileID: 0}
--- !u!1 &88500929
GameObject:
  m_ObjectHideFlags: 0
  m_CorrespondingSourceObject: {fileID: 0}
  m_PrefabInstance: {fileID: 0}
  m_PrefabAsset: {fileID: 0}
  serializedVersion: 6
  m_Component:
  - component: {fileID: 88500930}
  - component: {fileID: 88500931}
  m_Layer: 0
  m_Name: Collider1B
  m_TagString: Untagged
  m_Icon: {fileID: 0}
  m_NavMeshLayer: 0
  m_StaticEditorFlags: 0
  m_IsActive: 1
--- !u!4 &88500930
Transform:
  m_ObjectHideFlags: 0
  m_CorrespondingSourceObject: {fileID: 0}
  m_PrefabInstance: {fileID: 0}
  m_PrefabAsset: {fileID: 0}
  m_GameObject: {fileID: 88500929}
  m_LocalRotation: {x: 0, y: 0, z: 0, w: 1}
  m_LocalPosition: {x: -21, y: 28.3, z: 66.8}
  m_LocalScale: {x: 1, y: 1, z: 1}
  m_Children: []
  m_Father: {fileID: 836578587}
  m_RootOrder: 1
  m_LocalEulerAnglesHint: {x: 0, y: 0, z: 0}
--- !u!65 &88500931
BoxCollider:
  m_ObjectHideFlags: 0
  m_CorrespondingSourceObject: {fileID: 0}
  m_PrefabInstance: {fileID: 0}
  m_PrefabAsset: {fileID: 0}
  m_GameObject: {fileID: 88500929}
  m_Material: {fileID: 0}
  m_IsTrigger: 0
  m_Enabled: 1
  serializedVersion: 2
  m_Size: {x: 120.40268, y: 27.492435, z: 15.842667}
  m_Center: {x: -11.9149475, y: 6.343767, z: -7.4213333}
--- !u!1001 &127409160
PrefabInstance:
  m_ObjectHideFlags: 0
  serializedVersion: 2
  m_Modification:
    m_TransformParent: {fileID: 0}
    m_Modifications:
    - target: {fileID: 3716721682050650788, guid: 299c6241c0253064ab46ee5f9c52bba4,
        type: 3}
      propertyPath: m_Name
      value: AchievementManager
      objectReference: {fileID: 0}
    - target: {fileID: 3716721682050650790, guid: 299c6241c0253064ab46ee5f9c52bba4,
        type: 3}
      propertyPath: m_LocalPosition.x
      value: 0
      objectReference: {fileID: 0}
    - target: {fileID: 3716721682050650790, guid: 299c6241c0253064ab46ee5f9c52bba4,
        type: 3}
      propertyPath: m_LocalPosition.y
      value: 0
      objectReference: {fileID: 0}
    - target: {fileID: 3716721682050650790, guid: 299c6241c0253064ab46ee5f9c52bba4,
        type: 3}
      propertyPath: m_LocalPosition.z
      value: 0
      objectReference: {fileID: 0}
    - target: {fileID: 3716721682050650790, guid: 299c6241c0253064ab46ee5f9c52bba4,
        type: 3}
      propertyPath: m_LocalRotation.x
      value: 0
      objectReference: {fileID: 0}
    - target: {fileID: 3716721682050650790, guid: 299c6241c0253064ab46ee5f9c52bba4,
        type: 3}
      propertyPath: m_LocalRotation.y
      value: 0
      objectReference: {fileID: 0}
    - target: {fileID: 3716721682050650790, guid: 299c6241c0253064ab46ee5f9c52bba4,
        type: 3}
      propertyPath: m_LocalRotation.z
      value: 0
      objectReference: {fileID: 0}
    - target: {fileID: 3716721682050650790, guid: 299c6241c0253064ab46ee5f9c52bba4,
        type: 3}
      propertyPath: m_LocalRotation.w
      value: 1
      objectReference: {fileID: 0}
    - target: {fileID: 3716721682050650790, guid: 299c6241c0253064ab46ee5f9c52bba4,
        type: 3}
      propertyPath: m_RootOrder
      value: 0
      objectReference: {fileID: 0}
    - target: {fileID: 3716721682050650790, guid: 299c6241c0253064ab46ee5f9c52bba4,
        type: 3}
      propertyPath: m_LocalEulerAnglesHint.x
      value: 0
      objectReference: {fileID: 0}
    - target: {fileID: 3716721682050650790, guid: 299c6241c0253064ab46ee5f9c52bba4,
        type: 3}
      propertyPath: m_LocalEulerAnglesHint.y
      value: 0
      objectReference: {fileID: 0}
    - target: {fileID: 3716721682050650790, guid: 299c6241c0253064ab46ee5f9c52bba4,
        type: 3}
      propertyPath: m_LocalEulerAnglesHint.z
      value: 0
      objectReference: {fileID: 0}
    m_RemovedComponents: []
  m_SourcePrefab: {fileID: 100100000, guid: 299c6241c0253064ab46ee5f9c52bba4, type: 3}
--- !u!1001 &177179413
PrefabInstance:
  m_ObjectHideFlags: 0
  serializedVersion: 2
  m_Modification:
    m_TransformParent: {fileID: 0}
    m_Modifications:
    - target: {fileID: 3795335384281195818, guid: 17d84887be296ef449d191e65bf939d5,
        type: 3}
      propertyPath: m_Name
      value: BehaviourManager
      objectReference: {fileID: 0}
    - target: {fileID: 8643532121946225449, guid: 17d84887be296ef449d191e65bf939d5,
        type: 3}
      propertyPath: m_LocalPosition.x
      value: 0
      objectReference: {fileID: 0}
    - target: {fileID: 8643532121946225449, guid: 17d84887be296ef449d191e65bf939d5,
        type: 3}
      propertyPath: m_LocalPosition.y
      value: 0
      objectReference: {fileID: 0}
    - target: {fileID: 8643532121946225449, guid: 17d84887be296ef449d191e65bf939d5,
        type: 3}
      propertyPath: m_LocalPosition.z
      value: 0
      objectReference: {fileID: 0}
    - target: {fileID: 8643532121946225449, guid: 17d84887be296ef449d191e65bf939d5,
        type: 3}
      propertyPath: m_LocalRotation.x
      value: 0
      objectReference: {fileID: 0}
    - target: {fileID: 8643532121946225449, guid: 17d84887be296ef449d191e65bf939d5,
        type: 3}
      propertyPath: m_LocalRotation.y
      value: 0
      objectReference: {fileID: 0}
    - target: {fileID: 8643532121946225449, guid: 17d84887be296ef449d191e65bf939d5,
        type: 3}
      propertyPath: m_LocalRotation.z
      value: 0
      objectReference: {fileID: 0}
    - target: {fileID: 8643532121946225449, guid: 17d84887be296ef449d191e65bf939d5,
        type: 3}
      propertyPath: m_LocalRotation.w
      value: 1
      objectReference: {fileID: 0}
    - target: {fileID: 8643532121946225449, guid: 17d84887be296ef449d191e65bf939d5,
        type: 3}
      propertyPath: m_RootOrder
      value: 1
      objectReference: {fileID: 0}
    - target: {fileID: 8643532121946225449, guid: 17d84887be296ef449d191e65bf939d5,
        type: 3}
      propertyPath: m_LocalEulerAnglesHint.x
      value: 0
      objectReference: {fileID: 0}
    - target: {fileID: 8643532121946225449, guid: 17d84887be296ef449d191e65bf939d5,
        type: 3}
      propertyPath: m_LocalEulerAnglesHint.y
      value: 0
      objectReference: {fileID: 0}
    - target: {fileID: 8643532121946225449, guid: 17d84887be296ef449d191e65bf939d5,
        type: 3}
      propertyPath: m_LocalEulerAnglesHint.z
      value: 0
      objectReference: {fileID: 0}
    m_RemovedComponents: []
  m_SourcePrefab: {fileID: 100100000, guid: 17d84887be296ef449d191e65bf939d5, type: 3}
--- !u!1001 &282123240
PrefabInstance:
  m_ObjectHideFlags: 0
  serializedVersion: 2
  m_Modification:
    m_TransformParent: {fileID: 0}
    m_Modifications:
    - target: {fileID: 2863859943588976621, guid: e5ff5975f8b0a5e459c28088df2730fb,
        type: 3}
      propertyPath: m_LocalPosition.x
      value: 0
      objectReference: {fileID: 0}
    - target: {fileID: 2863859943588976621, guid: e5ff5975f8b0a5e459c28088df2730fb,
        type: 3}
      propertyPath: m_LocalPosition.y
      value: 0
      objectReference: {fileID: 0}
    - target: {fileID: 2863859943588976621, guid: e5ff5975f8b0a5e459c28088df2730fb,
        type: 3}
      propertyPath: m_LocalPosition.z
      value: 0
      objectReference: {fileID: 0}
    - target: {fileID: 2863859943588976621, guid: e5ff5975f8b0a5e459c28088df2730fb,
        type: 3}
      propertyPath: m_LocalRotation.x
      value: 0
      objectReference: {fileID: 0}
    - target: {fileID: 2863859943588976621, guid: e5ff5975f8b0a5e459c28088df2730fb,
        type: 3}
      propertyPath: m_LocalRotation.y
      value: 0
      objectReference: {fileID: 0}
    - target: {fileID: 2863859943588976621, guid: e5ff5975f8b0a5e459c28088df2730fb,
        type: 3}
      propertyPath: m_LocalRotation.z
      value: 0
      objectReference: {fileID: 0}
    - target: {fileID: 2863859943588976621, guid: e5ff5975f8b0a5e459c28088df2730fb,
        type: 3}
      propertyPath: m_LocalRotation.w
      value: 1
      objectReference: {fileID: 0}
    - target: {fileID: 2863859943588976621, guid: e5ff5975f8b0a5e459c28088df2730fb,
        type: 3}
      propertyPath: m_RootOrder
      value: 5
      objectReference: {fileID: 0}
    - target: {fileID: 2863859943588976621, guid: e5ff5975f8b0a5e459c28088df2730fb,
        type: 3}
      propertyPath: m_LocalEulerAnglesHint.x
      value: 0
      objectReference: {fileID: 0}
    - target: {fileID: 2863859943588976621, guid: e5ff5975f8b0a5e459c28088df2730fb,
        type: 3}
      propertyPath: m_LocalEulerAnglesHint.y
      value: 0
      objectReference: {fileID: 0}
    - target: {fileID: 2863859943588976621, guid: e5ff5975f8b0a5e459c28088df2730fb,
        type: 3}
      propertyPath: m_LocalEulerAnglesHint.z
      value: 0
      objectReference: {fileID: 0}
    - target: {fileID: 2863859943588976623, guid: e5ff5975f8b0a5e459c28088df2730fb,
        type: 3}
      propertyPath: m_Name
      value: LocalizationManager
      objectReference: {fileID: 0}
    m_RemovedComponents: []
  m_SourcePrefab: {fileID: 100100000, guid: e5ff5975f8b0a5e459c28088df2730fb, type: 3}
--- !u!1001 &416141678
PrefabInstance:
  m_ObjectHideFlags: 0
  serializedVersion: 2
  m_Modification:
    m_TransformParent: {fileID: 0}
    m_Modifications:
    - target: {fileID: 1796420310056540004, guid: 5bbe43e6b292fa945b44bfa83b942626,
        type: 3}
      propertyPath: m_LocalPosition.x
      value: 1.2853088
      objectReference: {fileID: 0}
    - target: {fileID: 1796420310056540004, guid: 5bbe43e6b292fa945b44bfa83b942626,
        type: 3}
      propertyPath: m_LocalPosition.y
      value: 2.0837555
      objectReference: {fileID: 0}
    - target: {fileID: 1796420310056540004, guid: 5bbe43e6b292fa945b44bfa83b942626,
        type: 3}
      propertyPath: m_LocalPosition.z
      value: -4.140869
      objectReference: {fileID: 0}
    - target: {fileID: 1796420310056540004, guid: 5bbe43e6b292fa945b44bfa83b942626,
        type: 3}
      propertyPath: m_LocalRotation.x
      value: 0
      objectReference: {fileID: 0}
    - target: {fileID: 1796420310056540004, guid: 5bbe43e6b292fa945b44bfa83b942626,
        type: 3}
      propertyPath: m_LocalRotation.y
      value: 0
      objectReference: {fileID: 0}
    - target: {fileID: 1796420310056540004, guid: 5bbe43e6b292fa945b44bfa83b942626,
        type: 3}
      propertyPath: m_LocalRotation.z
      value: 0
      objectReference: {fileID: 0}
    - target: {fileID: 1796420310056540004, guid: 5bbe43e6b292fa945b44bfa83b942626,
        type: 3}
      propertyPath: m_LocalRotation.w
      value: 1
      objectReference: {fileID: 0}
    - target: {fileID: 1796420310056540004, guid: 5bbe43e6b292fa945b44bfa83b942626,
        type: 3}
      propertyPath: m_RootOrder
      value: 3
      objectReference: {fileID: 0}
    - target: {fileID: 1796420310056540004, guid: 5bbe43e6b292fa945b44bfa83b942626,
        type: 3}
      propertyPath: m_LocalEulerAnglesHint.x
      value: 0
      objectReference: {fileID: 0}
    - target: {fileID: 1796420310056540004, guid: 5bbe43e6b292fa945b44bfa83b942626,
        type: 3}
      propertyPath: m_LocalEulerAnglesHint.y
      value: 0
      objectReference: {fileID: 0}
    - target: {fileID: 1796420310056540004, guid: 5bbe43e6b292fa945b44bfa83b942626,
        type: 3}
      propertyPath: m_LocalEulerAnglesHint.z
      value: 0
      objectReference: {fileID: 0}
    - target: {fileID: 8562122599533022775, guid: 5bbe43e6b292fa945b44bfa83b942626,
        type: 3}
      propertyPath: m_Name
      value: InventoryManager
      objectReference: {fileID: 0}
    m_RemovedComponents: []
  m_SourcePrefab: {fileID: 100100000, guid: 5bbe43e6b292fa945b44bfa83b942626, type: 3}
--- !u!1 &526294412
GameObject:
  m_ObjectHideFlags: 0
  m_CorrespondingSourceObject: {fileID: 0}
  m_PrefabInstance: {fileID: 0}
  m_PrefabAsset: {fileID: 0}
  serializedVersion: 6
  m_Component:
  - component: {fileID: 526294413}
  - component: {fileID: 526294414}
  m_Layer: 0
  m_Name: Collider2A
  m_TagString: Untagged
  m_Icon: {fileID: 0}
  m_NavMeshLayer: 0
  m_StaticEditorFlags: 0
  m_IsActive: 1
--- !u!4 &526294413
Transform:
  m_ObjectHideFlags: 0
  m_CorrespondingSourceObject: {fileID: 0}
  m_PrefabInstance: {fileID: 0}
  m_PrefabAsset: {fileID: 0}
  m_GameObject: {fileID: 526294412}
  m_LocalRotation: {x: -0, y: -0.19737008, z: -0, w: 0.98032904}
  m_LocalPosition: {x: -4.7969666, y: 21.1, z: -68.42061}
  m_LocalScale: {x: 1, y: 1, z: 1}
  m_Children: []
  m_Father: {fileID: 1797410003}
  m_RootOrder: 0
  m_LocalEulerAnglesHint: {x: 0, y: -22.766, z: 0}
--- !u!65 &526294414
BoxCollider:
  m_ObjectHideFlags: 0
  m_CorrespondingSourceObject: {fileID: 0}
  m_PrefabInstance: {fileID: 0}
  m_PrefabAsset: {fileID: 0}
  m_GameObject: {fileID: 526294412}
  m_Material: {fileID: 0}
  m_IsTrigger: 0
  m_Enabled: 1
  serializedVersion: 2
  m_Size: {x: 117.68967, y: 19.026459, z: 15.142906}
  m_Center: {x: 31.322325, y: 9.013229, z: -3.0413034}
--- !u!1 &571527723
GameObject:
  m_ObjectHideFlags: 0
  m_CorrespondingSourceObject: {fileID: 0}
  m_PrefabInstance: {fileID: 0}
  m_PrefabAsset: {fileID: 0}
  serializedVersion: 6
  m_Component:
  - component: {fileID: 571527724}
  - component: {fileID: 571527725}
  m_Layer: 0
  m_Name: Collider2C
  m_TagString: Untagged
  m_Icon: {fileID: 0}
  m_NavMeshLayer: 0
  m_StaticEditorFlags: 0
  m_IsActive: 1
--- !u!4 &571527724
Transform:
  m_ObjectHideFlags: 0
  m_CorrespondingSourceObject: {fileID: 0}
  m_PrefabInstance: {fileID: 0}
  m_PrefabAsset: {fileID: 0}
  m_GameObject: {fileID: 571527723}
  m_LocalRotation: {x: -0, y: 0.2654009, z: -0, w: 0.9641382}
  m_LocalPosition: {x: -137.85614, y: 25.67, z: -61.173782}
  m_LocalScale: {x: 1, y: 1, z: 1}
  m_Children: []
  m_Father: {fileID: 1797410003}
  m_RootOrder: 2
  m_LocalEulerAnglesHint: {x: 0, y: 30.782001, z: 0}
--- !u!65 &571527725
BoxCollider:
  m_ObjectHideFlags: 0
  m_CorrespondingSourceObject: {fileID: 0}
  m_PrefabInstance: {fileID: 0}
  m_PrefabAsset: {fileID: 0}
  m_GameObject: {fileID: 571527723}
  m_Material: {fileID: 0}
  m_IsTrigger: 0
  m_Enabled: 1
  serializedVersion: 2
  m_Size: {x: 105.56349, y: 35.11087, z: 10.766501}
  m_Center: {x: 2.2539139, y: 6.408554, z: 4.883243}
--- !u!1 &608806770
GameObject:
  m_ObjectHideFlags: 0
  m_CorrespondingSourceObject: {fileID: 0}
  m_PrefabInstance: {fileID: 0}
  m_PrefabAsset: {fileID: 0}
  serializedVersion: 6
  m_Component:
  - component: {fileID: 608806771}
  - component: {fileID: 608806772}
  m_Layer: 0
  m_Name: Collider1A
  m_TagString: Untagged
  m_Icon: {fileID: 0}
  m_NavMeshLayer: 0
  m_StaticEditorFlags: 0
  m_IsActive: 1
--- !u!4 &608806771
Transform:
  m_ObjectHideFlags: 0
  m_CorrespondingSourceObject: {fileID: 0}
  m_PrefabInstance: {fileID: 0}
  m_PrefabAsset: {fileID: 0}
  m_GameObject: {fileID: 608806770}
  m_LocalRotation: {x: -0, y: 0.19894788, z: -0, w: 0.9800101}
  m_LocalPosition: {x: 46.39688, y: 32.7, z: 37.71457}
  m_LocalScale: {x: 1, y: 1, z: 1}
  m_Children: []
  m_Father: {fileID: 836578587}
  m_RootOrder: 0
  m_LocalEulerAnglesHint: {x: 0, y: 22.951, z: 0}
--- !u!65 &608806772
BoxCollider:
  m_ObjectHideFlags: 0
  m_CorrespondingSourceObject: {fileID: 0}
  m_PrefabInstance: {fileID: 0}
  m_PrefabAsset: {fileID: 0}
  m_GameObject: {fileID: 608806770}
  m_Material: {fileID: 0}
  m_IsTrigger: 0
  m_Enabled: 1
  serializedVersion: 2
  m_Size: {x: 86.51253, y: 21.863777, z: 11.822413}
  m_Center: {x: -5.562378, y: 1.3263893, z: 3.05218}
--- !u!1 &835470641
GameObject:
  m_ObjectHideFlags: 0
  m_CorrespondingSourceObject: {fileID: 0}
  m_PrefabInstance: {fileID: 0}
  m_PrefabAsset: {fileID: 0}
  serializedVersion: 6
  m_Component:
  - component: {fileID: 835470642}
  - component: {fileID: 835470643}
  m_Layer: 0
  m_Name: Collider2B
  m_TagString: Untagged
  m_Icon: {fileID: 0}
  m_NavMeshLayer: 0
  m_StaticEditorFlags: 0
  m_IsActive: 1
--- !u!4 &835470642
Transform:
  m_ObjectHideFlags: 0
  m_CorrespondingSourceObject: {fileID: 0}
  m_PrefabInstance: {fileID: 0}
  m_PrefabAsset: {fileID: 0}
  m_GameObject: {fileID: 835470641}
  m_LocalRotation: {x: 0, y: 0, z: 0, w: 1}
  m_LocalPosition: {x: -60, y: 22.8, z: -85.7}
  m_LocalScale: {x: 1, y: 1, z: 1}
  m_Children: []
  m_Father: {fileID: 1797410003}
  m_RootOrder: 1
  m_LocalEulerAnglesHint: {x: 0, y: 0, z: 0}
--- !u!65 &835470643
BoxCollider:
  m_ObjectHideFlags: 0
  m_CorrespondingSourceObject: {fileID: 0}
  m_PrefabInstance: {fileID: 0}
  m_PrefabAsset: {fileID: 0}
  m_GameObject: {fileID: 835470641}
  m_Material: {fileID: 0}
  m_IsTrigger: 0
  m_Enabled: 1
  serializedVersion: 2
  m_Size: {x: 106.76304, y: 28.539856, z: 13.846931}
  m_Center: {x: -5.0005226, y: 10.883629, z: 6.4234657}
--- !u!1 &836578586
GameObject:
  m_ObjectHideFlags: 0
  m_CorrespondingSourceObject: {fileID: 0}
  m_PrefabInstance: {fileID: 0}
  m_PrefabAsset: {fileID: 0}
  serializedVersion: 6
  m_Component:
  - component: {fileID: 836578587}
  m_Layer: 0
  m_Name: "CollidersMonta\xF1a1"
  m_TagString: Untagged
  m_Icon: {fileID: 0}
  m_NavMeshLayer: 0
  m_StaticEditorFlags: 0
  m_IsActive: 1
--- !u!4 &836578587
Transform:
  m_ObjectHideFlags: 0
  m_CorrespondingSourceObject: {fileID: 0}
  m_PrefabInstance: {fileID: 0}
  m_PrefabAsset: {fileID: 0}
  m_GameObject: {fileID: 836578586}
  m_LocalRotation: {x: 0, y: 0, z: 0, w: 1}
  m_LocalPosition: {x: 0, y: 0, z: 0}
  m_LocalScale: {x: 1, y: 1, z: 1}
  m_Children:
  - {fileID: 608806771}
  - {fileID: 88500930}
  - {fileID: 1735257875}
  m_Father: {fileID: 1381763578}
  m_RootOrder: 0
  m_LocalEulerAnglesHint: {x: 0, y: 0, z: 0}
--- !u!4 &865116163 stripped
Transform:
  m_CorrespondingSourceObject: {fileID: 6181522493359051333, guid: 7704641ec8ca305468cbdcff051a56ce,
    type: 3}
  m_PrefabInstance: {fileID: 2075172725}
  m_PrefabAsset: {fileID: 0}
--- !u!1001 &923715323
PrefabInstance:
  m_ObjectHideFlags: 0
  serializedVersion: 2
  m_Modification:
    m_TransformParent: {fileID: 0}
    m_Modifications:
    - target: {fileID: 3526720217708302592, guid: adfdf0a224da65749842b3930571e6a1,
        type: 3}
      propertyPath: m_LocalPosition.x
      value: 0
      objectReference: {fileID: 0}
    - target: {fileID: 3526720217708302592, guid: adfdf0a224da65749842b3930571e6a1,
        type: 3}
      propertyPath: m_LocalPosition.y
      value: 0
      objectReference: {fileID: 0}
    - target: {fileID: 3526720217708302592, guid: adfdf0a224da65749842b3930571e6a1,
        type: 3}
      propertyPath: m_LocalPosition.z
      value: 0
      objectReference: {fileID: 0}
    - target: {fileID: 3526720217708302592, guid: adfdf0a224da65749842b3930571e6a1,
        type: 3}
      propertyPath: m_LocalRotation.x
      value: 0
      objectReference: {fileID: 0}
    - target: {fileID: 3526720217708302592, guid: adfdf0a224da65749842b3930571e6a1,
        type: 3}
      propertyPath: m_LocalRotation.y
      value: 0
      objectReference: {fileID: 0}
    - target: {fileID: 3526720217708302592, guid: adfdf0a224da65749842b3930571e6a1,
        type: 3}
      propertyPath: m_LocalRotation.z
      value: 0
      objectReference: {fileID: 0}
    - target: {fileID: 3526720217708302592, guid: adfdf0a224da65749842b3930571e6a1,
        type: 3}
      propertyPath: m_LocalRotation.w
      value: 1
      objectReference: {fileID: 0}
    - target: {fileID: 3526720217708302592, guid: adfdf0a224da65749842b3930571e6a1,
        type: 3}
      propertyPath: m_RootOrder
      value: 7
      objectReference: {fileID: 0}
    - target: {fileID: 3526720217708302592, guid: adfdf0a224da65749842b3930571e6a1,
        type: 3}
      propertyPath: m_LocalEulerAnglesHint.x
      value: 0
      objectReference: {fileID: 0}
    - target: {fileID: 3526720217708302592, guid: adfdf0a224da65749842b3930571e6a1,
        type: 3}
      propertyPath: m_LocalEulerAnglesHint.y
      value: 0
      objectReference: {fileID: 0}
    - target: {fileID: 3526720217708302592, guid: adfdf0a224da65749842b3930571e6a1,
        type: 3}
      propertyPath: m_LocalEulerAnglesHint.z
      value: 0
      objectReference: {fileID: 0}
    - target: {fileID: 3526720217708302595, guid: adfdf0a224da65749842b3930571e6a1,
        type: 3}
      propertyPath: m_Name
      value: QuestManager
      objectReference: {fileID: 0}
    m_RemovedComponents: []
  m_SourcePrefab: {fileID: 100100000, guid: adfdf0a224da65749842b3930571e6a1, type: 3}
--- !u!1001 &1058910514
PrefabInstance:
  m_ObjectHideFlags: 0
  serializedVersion: 2
  m_Modification:
    m_TransformParent: {fileID: 865116163}
    m_Modifications:
    - target: {fileID: 3777548812744236441, guid: a9a1b99c45ebbe7498c0f2cee106f9d9,
        type: 3}
      propertyPath: Zone
      value: 
      objectReference: {fileID: 11400000, guid: 0298e2258bb507d4787da5477eabe4a4,
        type: 2}
    - target: {fileID: 4491257779071578119, guid: a9a1b99c45ebbe7498c0f2cee106f9d9,
        type: 3}
      propertyPath: m_LocalPosition.x
      value: 249.92
      objectReference: {fileID: 0}
    - target: {fileID: 4491257779071578119, guid: a9a1b99c45ebbe7498c0f2cee106f9d9,
        type: 3}
      propertyPath: m_LocalPosition.y
      value: 0
      objectReference: {fileID: 0}
    - target: {fileID: 4491257779071578119, guid: a9a1b99c45ebbe7498c0f2cee106f9d9,
        type: 3}
      propertyPath: m_LocalPosition.z
      value: -24.5
      objectReference: {fileID: 0}
    - target: {fileID: 4491257779071578119, guid: a9a1b99c45ebbe7498c0f2cee106f9d9,
        type: 3}
      propertyPath: m_LocalRotation.x
      value: 0
      objectReference: {fileID: 0}
    - target: {fileID: 4491257779071578119, guid: a9a1b99c45ebbe7498c0f2cee106f9d9,
        type: 3}
      propertyPath: m_LocalRotation.y
      value: 0
      objectReference: {fileID: 0}
    - target: {fileID: 4491257779071578119, guid: a9a1b99c45ebbe7498c0f2cee106f9d9,
        type: 3}
      propertyPath: m_LocalRotation.z
      value: 0
      objectReference: {fileID: 0}
    - target: {fileID: 4491257779071578119, guid: a9a1b99c45ebbe7498c0f2cee106f9d9,
        type: 3}
      propertyPath: m_LocalRotation.w
      value: 1
      objectReference: {fileID: 0}
    - target: {fileID: 4491257779071578119, guid: a9a1b99c45ebbe7498c0f2cee106f9d9,
        type: 3}
      propertyPath: m_RootOrder
      value: 1
      objectReference: {fileID: 0}
    - target: {fileID: 4491257779071578119, guid: a9a1b99c45ebbe7498c0f2cee106f9d9,
        type: 3}
      propertyPath: m_LocalEulerAnglesHint.x
      value: 0
      objectReference: {fileID: 0}
    - target: {fileID: 4491257779071578119, guid: a9a1b99c45ebbe7498c0f2cee106f9d9,
        type: 3}
      propertyPath: m_LocalEulerAnglesHint.y
      value: 0
      objectReference: {fileID: 0}
    - target: {fileID: 4491257779071578119, guid: a9a1b99c45ebbe7498c0f2cee106f9d9,
        type: 3}
      propertyPath: m_LocalEulerAnglesHint.z
      value: 0
      objectReference: {fileID: 0}
    - target: {fileID: 4870740211711367682, guid: a9a1b99c45ebbe7498c0f2cee106f9d9,
        type: 3}
      propertyPath: nextSceneName
      value: Ruinas
      objectReference: {fileID: 0}
    - target: {fileID: 4870740211711367682, guid: a9a1b99c45ebbe7498c0f2cee106f9d9,
        type: 3}
      propertyPath: currentSceneRoot
      value: 
      objectReference: {fileID: 2075172727}
    - target: {fileID: 6795459789814534877, guid: a9a1b99c45ebbe7498c0f2cee106f9d9,
        type: 3}
      propertyPath: m_Size.z
      value: 48.914978
      objectReference: {fileID: 0}
    - target: {fileID: 6795459789814534877, guid: a9a1b99c45ebbe7498c0f2cee106f9d9,
        type: 3}
      propertyPath: m_Center.z
      value: 132.69095
      objectReference: {fileID: 0}
    - target: {fileID: 6795459789814534877, guid: a9a1b99c45ebbe7498c0f2cee106f9d9,
        type: 3}
      propertyPath: m_Size.y
      value: 26.290878
      objectReference: {fileID: 0}
    - target: {fileID: 6795459789814534877, guid: a9a1b99c45ebbe7498c0f2cee106f9d9,
        type: 3}
      propertyPath: m_Center.y
      value: 12.645439
      objectReference: {fileID: 0}
    - target: {fileID: 9196581500804211622, guid: a9a1b99c45ebbe7498c0f2cee106f9d9,
        type: 3}
      propertyPath: m_Name
      value: Edge To Ruinas
      objectReference: {fileID: 0}
    m_RemovedComponents: []
  m_SourcePrefab: {fileID: 100100000, guid: a9a1b99c45ebbe7498c0f2cee106f9d9, type: 3}
--- !u!1001 &1122747549
PrefabInstance:
  m_ObjectHideFlags: 0
  serializedVersion: 2
  m_Modification:
    m_TransformParent: {fileID: 0}
    m_Modifications:
    - target: {fileID: 131946279793633735, guid: db4a0a61511fcde41aadbbb6f6a97d39,
        type: 3}
      propertyPath: m_LocalPosition.x
      value: 0
      objectReference: {fileID: 0}
    - target: {fileID: 131946279793633735, guid: db4a0a61511fcde41aadbbb6f6a97d39,
        type: 3}
      propertyPath: m_LocalPosition.y
      value: 0
      objectReference: {fileID: 0}
    - target: {fileID: 131946279793633735, guid: db4a0a61511fcde41aadbbb6f6a97d39,
        type: 3}
      propertyPath: m_LocalPosition.z
      value: 0
      objectReference: {fileID: 0}
    - target: {fileID: 131946279793633735, guid: db4a0a61511fcde41aadbbb6f6a97d39,
        type: 3}
      propertyPath: m_LocalRotation.x
      value: 0
      objectReference: {fileID: 0}
    - target: {fileID: 131946279793633735, guid: db4a0a61511fcde41aadbbb6f6a97d39,
        type: 3}
      propertyPath: m_LocalRotation.y
      value: 0
      objectReference: {fileID: 0}
    - target: {fileID: 131946279793633735, guid: db4a0a61511fcde41aadbbb6f6a97d39,
        type: 3}
      propertyPath: m_LocalRotation.z
      value: 0
      objectReference: {fileID: 0}
    - target: {fileID: 131946279793633735, guid: db4a0a61511fcde41aadbbb6f6a97d39,
        type: 3}
      propertyPath: m_LocalRotation.w
      value: 1
      objectReference: {fileID: 0}
    - target: {fileID: 131946279793633735, guid: db4a0a61511fcde41aadbbb6f6a97d39,
        type: 3}
      propertyPath: m_RootOrder
      value: 2
      objectReference: {fileID: 0}
    - target: {fileID: 131946279793633735, guid: db4a0a61511fcde41aadbbb6f6a97d39,
        type: 3}
      propertyPath: m_LocalEulerAnglesHint.x
      value: 0
      objectReference: {fileID: 0}
    - target: {fileID: 131946279793633735, guid: db4a0a61511fcde41aadbbb6f6a97d39,
        type: 3}
      propertyPath: m_LocalEulerAnglesHint.y
      value: 0
      objectReference: {fileID: 0}
    - target: {fileID: 131946279793633735, guid: db4a0a61511fcde41aadbbb6f6a97d39,
        type: 3}
      propertyPath: m_LocalEulerAnglesHint.z
      value: 0
      objectReference: {fileID: 0}
    - target: {fileID: 4560988862514329214, guid: db4a0a61511fcde41aadbbb6f6a97d39,
        type: 3}
      propertyPath: m_Name
      value: GameManager
      objectReference: {fileID: 0}
    m_RemovedComponents: []
  m_SourcePrefab: {fileID: 100100000, guid: db4a0a61511fcde41aadbbb6f6a97d39, type: 3}
--- !u!1 &1220243150
GameObject:
  m_ObjectHideFlags: 0
  m_CorrespondingSourceObject: {fileID: 0}
  m_PrefabInstance: {fileID: 0}
  m_PrefabAsset: {fileID: 0}
  serializedVersion: 6
  m_Component:
  - component: {fileID: 1220243151}
  - component: {fileID: 1220243152}
  m_Layer: 0
  m_Name: Collider2E
  m_TagString: Untagged
  m_Icon: {fileID: 0}
  m_NavMeshLayer: 0
  m_StaticEditorFlags: 0
  m_IsActive: 1
--- !u!4 &1220243151
Transform:
  m_ObjectHideFlags: 0
  m_CorrespondingSourceObject: {fileID: 0}
  m_PrefabInstance: {fileID: 0}
  m_PrefabAsset: {fileID: 0}
  m_GameObject: {fileID: 1220243150}
  m_LocalRotation: {x: -0, y: 0.22558151, z: -0, w: 0.9742243}
  m_LocalPosition: {x: -127.46196, y: 45.74, z: -69.562416}
  m_LocalScale: {x: 1, y: 1, z: 1}
  m_Children: []
  m_Father: {fileID: 1797410003}
  m_RootOrder: 4
  m_LocalEulerAnglesHint: {x: 0, y: 26.074001, z: 0}
--- !u!65 &1220243152
BoxCollider:
  m_ObjectHideFlags: 0
  m_CorrespondingSourceObject: {fileID: 0}
  m_PrefabInstance: {fileID: 0}
  m_PrefabAsset: {fileID: 0}
  m_GameObject: {fileID: 1220243150}
  m_Material: {fileID: 0}
  m_IsTrigger: 0
  m_Enabled: 1
  serializedVersion: 2
  m_Size: {x: 55.79531, y: 32.23616, z: 11.614479}
  m_Center: {x: 0.4508403, y: -15.61808, z: 5.307239}
--- !u!1001 &1234904529
PrefabInstance:
  m_ObjectHideFlags: 0
  serializedVersion: 2
  m_Modification:
    m_TransformParent: {fileID: 2075172726}
    m_Modifications:
    - target: {fileID: 100006, guid: b544816461f324e56a39767fdeb5b114, type: 3}
      propertyPath: m_Name
      value: Water4Advanced
      objectReference: {fileID: 0}
    - target: {fileID: 100006, guid: b544816461f324e56a39767fdeb5b114, type: 3}
      propertyPath: m_TagString
      value: Killable
      objectReference: {fileID: 0}
    - target: {fileID: 100006, guid: b544816461f324e56a39767fdeb5b114, type: 3}
      propertyPath: m_Layer
      value: 9
      objectReference: {fileID: 0}
    - target: {fileID: 400006, guid: b544816461f324e56a39767fdeb5b114, type: 3}
      propertyPath: m_LocalPosition.x
      value: 118.9
      objectReference: {fileID: 0}
    - target: {fileID: 400006, guid: b544816461f324e56a39767fdeb5b114, type: 3}
      propertyPath: m_LocalPosition.y
      value: 4
      objectReference: {fileID: 0}
    - target: {fileID: 400006, guid: b544816461f324e56a39767fdeb5b114, type: 3}
      propertyPath: m_LocalPosition.z
      value: 111.29999
      objectReference: {fileID: 0}
    - target: {fileID: 400006, guid: b544816461f324e56a39767fdeb5b114, type: 3}
      propertyPath: m_LocalRotation.x
      value: -0
      objectReference: {fileID: 0}
    - target: {fileID: 400006, guid: b544816461f324e56a39767fdeb5b114, type: 3}
      propertyPath: m_LocalRotation.y
      value: 1
      objectReference: {fileID: 0}
    - target: {fileID: 400006, guid: b544816461f324e56a39767fdeb5b114, type: 3}
      propertyPath: m_LocalRotation.z
      value: -0
      objectReference: {fileID: 0}
    - target: {fileID: 400006, guid: b544816461f324e56a39767fdeb5b114, type: 3}
      propertyPath: m_LocalRotation.w
      value: 0
      objectReference: {fileID: 0}
    - target: {fileID: 400006, guid: b544816461f324e56a39767fdeb5b114, type: 3}
      propertyPath: m_RootOrder
      value: 1
      objectReference: {fileID: 0}
    - target: {fileID: 400006, guid: b544816461f324e56a39767fdeb5b114, type: 3}
      propertyPath: m_LocalEulerAnglesHint.x
      value: 0
      objectReference: {fileID: 0}
    - target: {fileID: 400006, guid: b544816461f324e56a39767fdeb5b114, type: 3}
      propertyPath: m_LocalEulerAnglesHint.y
      value: 0
      objectReference: {fileID: 0}
    - target: {fileID: 400006, guid: b544816461f324e56a39767fdeb5b114, type: 3}
      propertyPath: m_LocalEulerAnglesHint.z
      value: 0
      objectReference: {fileID: 0}
    - target: {fileID: 400006, guid: b544816461f324e56a39767fdeb5b114, type: 3}
      propertyPath: m_LocalScale.z
      value: 1.5541
      objectReference: {fileID: 0}
    - target: {fileID: 400006, guid: b544816461f324e56a39767fdeb5b114, type: 3}
      propertyPath: m_LocalScale.x
      value: 0.4104
      objectReference: {fileID: 0}
    - target: {fileID: 11400004, guid: b544816461f324e56a39767fdeb5b114, type: 3}
      propertyPath: m_Enabled
      value: 0
      objectReference: {fileID: 0}
    m_RemovedComponents: []
  m_SourcePrefab: {fileID: 100100000, guid: b544816461f324e56a39767fdeb5b114, type: 3}
--- !u!1 &1234904530 stripped
GameObject:
  m_CorrespondingSourceObject: {fileID: 100006, guid: b544816461f324e56a39767fdeb5b114,
    type: 3}
  m_PrefabInstance: {fileID: 1234904529}
  m_PrefabAsset: {fileID: 0}
--- !u!65 &1234904531
BoxCollider:
  m_ObjectHideFlags: 0
  m_CorrespondingSourceObject: {fileID: 0}
  m_PrefabInstance: {fileID: 0}
  m_PrefabAsset: {fileID: 0}
  m_GameObject: {fileID: 1234904530}
  m_Material: {fileID: 0}
  m_IsTrigger: 0
  m_Enabled: 1
  serializedVersion: 2
  m_Size: {x: 62.299805, y: 0.27587223, z: 90.12498}
  m_Center: {x: 1.8887213, y: -1.300078, z: -0.8528024}
--- !u!65 &1234904532
BoxCollider:
  m_ObjectHideFlags: 0
  m_CorrespondingSourceObject: {fileID: 0}
  m_PrefabInstance: {fileID: 0}
  m_PrefabAsset: {fileID: 0}
  m_GameObject: {fileID: 1234904530}
  m_Material: {fileID: 0}
  m_IsTrigger: 1
  m_Enabled: 1
  serializedVersion: 2
  m_Size: {x: 66.58201, y: 0.27587223, z: 90.124985}
  m_Center: {x: 2.1607323, y: -1.3000779, z: -0.8528024}
--- !u!1001 &1357532210
PrefabInstance:
  m_ObjectHideFlags: 0
  serializedVersion: 2
  m_Modification:
    m_TransformParent: {fileID: 0}
    m_Modifications:
    - target: {fileID: 808995496278148273, guid: 52e88ca892c20d741a11178804b17e49,
        type: 3}
      propertyPath: m_LocalPosition.x
      value: 330.53076
      objectReference: {fileID: 0}
    - target: {fileID: 808995496278148273, guid: 52e88ca892c20d741a11178804b17e49,
        type: 3}
      propertyPath: m_LocalPosition.y
      value: -146.78125
      objectReference: {fileID: 0}
    - target: {fileID: 808995496278148273, guid: 52e88ca892c20d741a11178804b17e49,
        type: 3}
      propertyPath: m_LocalPosition.z
      value: 66.9375
      objectReference: {fileID: 0}
    - target: {fileID: 808995496278148273, guid: 52e88ca892c20d741a11178804b17e49,
        type: 3}
      propertyPath: m_LocalRotation.x
      value: 0
      objectReference: {fileID: 0}
    - target: {fileID: 808995496278148273, guid: 52e88ca892c20d741a11178804b17e49,
        type: 3}
      propertyPath: m_LocalRotation.y
      value: 0
      objectReference: {fileID: 0}
    - target: {fileID: 808995496278148273, guid: 52e88ca892c20d741a11178804b17e49,
        type: 3}
      propertyPath: m_LocalRotation.z
      value: 0
      objectReference: {fileID: 0}
    - target: {fileID: 808995496278148273, guid: 52e88ca892c20d741a11178804b17e49,
        type: 3}
      propertyPath: m_LocalRotation.w
      value: 1
      objectReference: {fileID: 0}
    - target: {fileID: 808995496278148273, guid: 52e88ca892c20d741a11178804b17e49,
        type: 3}
      propertyPath: m_RootOrder
      value: 4
      objectReference: {fileID: 0}
    - target: {fileID: 808995496278148273, guid: 52e88ca892c20d741a11178804b17e49,
        type: 3}
      propertyPath: m_LocalEulerAnglesHint.x
      value: 0
      objectReference: {fileID: 0}
    - target: {fileID: 808995496278148273, guid: 52e88ca892c20d741a11178804b17e49,
        type: 3}
      propertyPath: m_LocalEulerAnglesHint.y
      value: 0
      objectReference: {fileID: 0}
    - target: {fileID: 808995496278148273, guid: 52e88ca892c20d741a11178804b17e49,
        type: 3}
      propertyPath: m_LocalEulerAnglesHint.z
      value: 0
      objectReference: {fileID: 0}
    - target: {fileID: 808995496278148275, guid: 52e88ca892c20d741a11178804b17e49,
        type: 3}
      propertyPath: m_Name
      value: LoadingSceneManager
      objectReference: {fileID: 0}
    m_RemovedComponents: []
  m_SourcePrefab: {fileID: 100100000, guid: 52e88ca892c20d741a11178804b17e49, type: 3}
--- !u!1001 &1366662968
PrefabInstance:
  m_ObjectHideFlags: 0
  serializedVersion: 2
  m_Modification:
    m_TransformParent: {fileID: 0}
    m_Modifications:
    - target: {fileID: 5389287978735928848, guid: 9d9d186b3661ce947b6a8d7c27ba1f40,
        type: 3}
      propertyPath: m_Name
      value: JournalEntryManager
      objectReference: {fileID: 0}
    - target: {fileID: 5389287978735928850, guid: 9d9d186b3661ce947b6a8d7c27ba1f40,
        type: 3}
      propertyPath: m_LocalPosition.x
      value: 0
      objectReference: {fileID: 0}
    - target: {fileID: 5389287978735928850, guid: 9d9d186b3661ce947b6a8d7c27ba1f40,
        type: 3}
      propertyPath: m_LocalPosition.y
      value: 0
      objectReference: {fileID: 0}
    - target: {fileID: 5389287978735928850, guid: 9d9d186b3661ce947b6a8d7c27ba1f40,
        type: 3}
      propertyPath: m_LocalPosition.z
      value: 0
      objectReference: {fileID: 0}
    - target: {fileID: 5389287978735928850, guid: 9d9d186b3661ce947b6a8d7c27ba1f40,
        type: 3}
      propertyPath: m_LocalRotation.x
      value: 0
      objectReference: {fileID: 0}
    - target: {fileID: 5389287978735928850, guid: 9d9d186b3661ce947b6a8d7c27ba1f40,
        type: 3}
      propertyPath: m_LocalRotation.y
      value: 0
      objectReference: {fileID: 0}
    - target: {fileID: 5389287978735928850, guid: 9d9d186b3661ce947b6a8d7c27ba1f40,
        type: 3}
      propertyPath: m_LocalRotation.z
      value: 0
      objectReference: {fileID: 0}
    - target: {fileID: 5389287978735928850, guid: 9d9d186b3661ce947b6a8d7c27ba1f40,
        type: 3}
      propertyPath: m_LocalRotation.w
      value: 1
      objectReference: {fileID: 0}
    - target: {fileID: 5389287978735928850, guid: 9d9d186b3661ce947b6a8d7c27ba1f40,
        type: 3}
      propertyPath: m_RootOrder
      value: 10
      objectReference: {fileID: 0}
    - target: {fileID: 5389287978735928850, guid: 9d9d186b3661ce947b6a8d7c27ba1f40,
        type: 3}
      propertyPath: m_LocalEulerAnglesHint.x
      value: 0
      objectReference: {fileID: 0}
    - target: {fileID: 5389287978735928850, guid: 9d9d186b3661ce947b6a8d7c27ba1f40,
        type: 3}
      propertyPath: m_LocalEulerAnglesHint.y
      value: 0
      objectReference: {fileID: 0}
    - target: {fileID: 5389287978735928850, guid: 9d9d186b3661ce947b6a8d7c27ba1f40,
        type: 3}
      propertyPath: m_LocalEulerAnglesHint.z
      value: 0
      objectReference: {fileID: 0}
    m_RemovedComponents: []
  m_SourcePrefab: {fileID: 100100000, guid: 9d9d186b3661ce947b6a8d7c27ba1f40, type: 3}
--- !u!1 &1381763577
GameObject:
  m_ObjectHideFlags: 0
  m_CorrespondingSourceObject: {fileID: 0}
  m_PrefabInstance: {fileID: 0}
  m_PrefabAsset: {fileID: 0}
  serializedVersion: 6
  m_Component:
  - component: {fileID: 1381763578}
  m_Layer: 0
  m_Name: "CollidersMonta\xF1as"
  m_TagString: Untagged
  m_Icon: {fileID: 0}
  m_NavMeshLayer: 0
  m_StaticEditorFlags: 0
  m_IsActive: 1
--- !u!4 &1381763578
Transform:
  m_ObjectHideFlags: 0
  m_CorrespondingSourceObject: {fileID: 0}
  m_PrefabInstance: {fileID: 0}
  m_PrefabAsset: {fileID: 0}
  m_GameObject: {fileID: 1381763577}
  m_LocalRotation: {x: -0, y: 1, z: -0, w: 0}
  m_LocalPosition: {x: 77.53003, y: -25.730469, z: 102.63776}
  m_LocalScale: {x: 1, y: 1, z: 1}
  m_Children:
  - {fileID: 836578587}
  - {fileID: 1797410003}
  m_Father: {fileID: 2075172726}
  m_RootOrder: 2
  m_LocalEulerAnglesHint: {x: 0, y: 0, z: 0}
--- !u!1001 &1684230078
PrefabInstance:
  m_ObjectHideFlags: 0
  serializedVersion: 2
  m_Modification:
    m_TransformParent: {fileID: 0}
    m_Modifications:
    - target: {fileID: 5866602180177297048, guid: 7d2606e4bd0221346bc1773c00e240bc,
        type: 3}
      propertyPath: m_Name
      value: SoundManager
      objectReference: {fileID: 0}
    - target: {fileID: 5866602180177297053, guid: 7d2606e4bd0221346bc1773c00e240bc,
        type: 3}
      propertyPath: m_LocalPosition.x
      value: 0
      objectReference: {fileID: 0}
    - target: {fileID: 5866602180177297053, guid: 7d2606e4bd0221346bc1773c00e240bc,
        type: 3}
      propertyPath: m_LocalPosition.y
      value: 0
      objectReference: {fileID: 0}
    - target: {fileID: 5866602180177297053, guid: 7d2606e4bd0221346bc1773c00e240bc,
        type: 3}
      propertyPath: m_LocalPosition.z
      value: 0
      objectReference: {fileID: 0}
    - target: {fileID: 5866602180177297053, guid: 7d2606e4bd0221346bc1773c00e240bc,
        type: 3}
      propertyPath: m_LocalRotation.x
      value: 0
      objectReference: {fileID: 0}
    - target: {fileID: 5866602180177297053, guid: 7d2606e4bd0221346bc1773c00e240bc,
        type: 3}
      propertyPath: m_LocalRotation.y
      value: 0
      objectReference: {fileID: 0}
    - target: {fileID: 5866602180177297053, guid: 7d2606e4bd0221346bc1773c00e240bc,
        type: 3}
      propertyPath: m_LocalRotation.z
      value: 0
      objectReference: {fileID: 0}
    - target: {fileID: 5866602180177297053, guid: 7d2606e4bd0221346bc1773c00e240bc,
        type: 3}
      propertyPath: m_LocalRotation.w
      value: 1
      objectReference: {fileID: 0}
    - target: {fileID: 5866602180177297053, guid: 7d2606e4bd0221346bc1773c00e240bc,
        type: 3}
      propertyPath: m_RootOrder
      value: 9
      objectReference: {fileID: 0}
    - target: {fileID: 5866602180177297053, guid: 7d2606e4bd0221346bc1773c00e240bc,
        type: 3}
      propertyPath: m_LocalEulerAnglesHint.x
      value: 0
      objectReference: {fileID: 0}
    - target: {fileID: 5866602180177297053, guid: 7d2606e4bd0221346bc1773c00e240bc,
        type: 3}
      propertyPath: m_LocalEulerAnglesHint.y
      value: 0
      objectReference: {fileID: 0}
    - target: {fileID: 5866602180177297053, guid: 7d2606e4bd0221346bc1773c00e240bc,
        type: 3}
      propertyPath: m_LocalEulerAnglesHint.z
      value: 0
      objectReference: {fileID: 0}
    m_RemovedComponents: []
  m_SourcePrefab: {fileID: 100100000, guid: 7d2606e4bd0221346bc1773c00e240bc, type: 3}
--- !u!1 &1735257874
GameObject:
  m_ObjectHideFlags: 0
  m_CorrespondingSourceObject: {fileID: 0}
  m_PrefabInstance: {fileID: 0}
  m_PrefabAsset: {fileID: 0}
  serializedVersion: 6
  m_Component:
  - component: {fileID: 1735257875}
  - component: {fileID: 1735257876}
  m_Layer: 0
  m_Name: Collider1C
  m_TagString: Untagged
  m_Icon: {fileID: 0}
  m_NavMeshLayer: 0
  m_StaticEditorFlags: 0
  m_IsActive: 1
--- !u!4 &1735257875
Transform:
  m_ObjectHideFlags: 0
  m_CorrespondingSourceObject: {fileID: 0}
  m_PrefabInstance: {fileID: 0}
  m_PrefabAsset: {fileID: 0}
  m_GameObject: {fileID: 1735257874}
  m_LocalRotation: {x: -0, y: -0.16092789, z: -0, w: 0.9869662}
  m_LocalPosition: {x: -134.5, y: 16.9, z: 39.7}
  m_LocalScale: {x: 1, y: 1, z: 1}
  m_Children: []
  m_Father: {fileID: 836578587}
  m_RootOrder: 2
  m_LocalEulerAnglesHint: {x: 0, y: -18.522001, z: 0}
--- !u!65 &1735257876
BoxCollider:
  m_ObjectHideFlags: 0
  m_CorrespondingSourceObject: {fileID: 0}
  m_PrefabInstance: {fileID: 0}
  m_PrefabAsset: {fileID: 0}
  m_GameObject: {fileID: 1735257874}
  m_Material: {fileID: 0}
  m_IsTrigger: 0
  m_Enabled: 1
  serializedVersion: 2
  m_Size: {x: 148.7223, y: 20.854115, z: 22.449844}
  m_Center: {x: 25.232712, y: 9.927057, z: 1.0740839}
--- !u!1 &1797410002
GameObject:
  m_ObjectHideFlags: 0
  m_CorrespondingSourceObject: {fileID: 0}
  m_PrefabInstance: {fileID: 0}
  m_PrefabAsset: {fileID: 0}
  serializedVersion: 6
  m_Component:
  - component: {fileID: 1797410003}
  m_Layer: 0
  m_Name: "CollidersMonta\xF1a2"
  m_TagString: Untagged
  m_Icon: {fileID: 0}
  m_NavMeshLayer: 0
  m_StaticEditorFlags: 0
  m_IsActive: 1
--- !u!4 &1797410003
Transform:
  m_ObjectHideFlags: 0
  m_CorrespondingSourceObject: {fileID: 0}
  m_PrefabInstance: {fileID: 0}
  m_PrefabAsset: {fileID: 0}
  m_GameObject: {fileID: 1797410002}
  m_LocalRotation: {x: 0, y: 0, z: 0, w: 1}
  m_LocalPosition: {x: 0, y: 0, z: 0}
  m_LocalScale: {x: 1, y: 1, z: 1}
  m_Children:
  - {fileID: 526294413}
  - {fileID: 835470642}
  - {fileID: 571527724}
  - {fileID: 1818499575}
  - {fileID: 1220243151}
  m_Father: {fileID: 1381763578}
  m_RootOrder: 1
  m_LocalEulerAnglesHint: {x: 0, y: 0, z: 0}
--- !u!1001 &1804219848
PrefabInstance:
  m_ObjectHideFlags: 0
  serializedVersion: 2
  m_Modification:
    m_TransformParent: {fileID: 0}
    m_Modifications:
    - target: {fileID: 8172479796857160032, guid: 1a5a8a1aa10e6614b989f96cabb6a8c5,
        type: 3}
      propertyPath: m_Name
      value: MatchManager
      objectReference: {fileID: 0}
    - target: {fileID: 8172479796857160046, guid: 1a5a8a1aa10e6614b989f96cabb6a8c5,
        type: 3}
      propertyPath: m_LocalPosition.x
      value: 0.38189697
      objectReference: {fileID: 0}
    - target: {fileID: 8172479796857160046, guid: 1a5a8a1aa10e6614b989f96cabb6a8c5,
        type: 3}
      propertyPath: m_LocalPosition.y
      value: 0.67907715
      objectReference: {fileID: 0}
    - target: {fileID: 8172479796857160046, guid: 1a5a8a1aa10e6614b989f96cabb6a8c5,
        type: 3}
      propertyPath: m_LocalPosition.z
      value: -1.0234375
      objectReference: {fileID: 0}
    - target: {fileID: 8172479796857160046, guid: 1a5a8a1aa10e6614b989f96cabb6a8c5,
        type: 3}
      propertyPath: m_LocalRotation.x
      value: 0
      objectReference: {fileID: 0}
    - target: {fileID: 8172479796857160046, guid: 1a5a8a1aa10e6614b989f96cabb6a8c5,
        type: 3}
      propertyPath: m_LocalRotation.y
      value: 0
      objectReference: {fileID: 0}
    - target: {fileID: 8172479796857160046, guid: 1a5a8a1aa10e6614b989f96cabb6a8c5,
        type: 3}
      propertyPath: m_LocalRotation.z
      value: 0
      objectReference: {fileID: 0}
    - target: {fileID: 8172479796857160046, guid: 1a5a8a1aa10e6614b989f96cabb6a8c5,
        type: 3}
      propertyPath: m_LocalRotation.w
      value: 1
      objectReference: {fileID: 0}
    - target: {fileID: 8172479796857160046, guid: 1a5a8a1aa10e6614b989f96cabb6a8c5,
        type: 3}
      propertyPath: m_RootOrder
      value: 6
      objectReference: {fileID: 0}
    - target: {fileID: 8172479796857160046, guid: 1a5a8a1aa10e6614b989f96cabb6a8c5,
        type: 3}
      propertyPath: m_LocalEulerAnglesHint.x
      value: 0
      objectReference: {fileID: 0}
    - target: {fileID: 8172479796857160046, guid: 1a5a8a1aa10e6614b989f96cabb6a8c5,
        type: 3}
      propertyPath: m_LocalEulerAnglesHint.y
      value: 0
      objectReference: {fileID: 0}
    - target: {fileID: 8172479796857160046, guid: 1a5a8a1aa10e6614b989f96cabb6a8c5,
        type: 3}
      propertyPath: m_LocalEulerAnglesHint.z
      value: 0
      objectReference: {fileID: 0}
    m_RemovedComponents: []
  m_SourcePrefab: {fileID: 100100000, guid: 1a5a8a1aa10e6614b989f96cabb6a8c5, type: 3}
--- !u!1 &1818499574
GameObject:
  m_ObjectHideFlags: 0
  m_CorrespondingSourceObject: {fileID: 0}
  m_PrefabInstance: {fileID: 0}
  m_PrefabAsset: {fileID: 0}
  serializedVersion: 6
  m_Component:
  - component: {fileID: 1818499575}
  - component: {fileID: 1818499576}
  m_Layer: 0
  m_Name: Collider2D
  m_TagString: Untagged
  m_Icon: {fileID: 0}
  m_NavMeshLayer: 0
  m_StaticEditorFlags: 0
  m_IsActive: 1
--- !u!4 &1818499575
Transform:
  m_ObjectHideFlags: 0
  m_CorrespondingSourceObject: {fileID: 0}
  m_PrefabInstance: {fileID: 0}
  m_PrefabAsset: {fileID: 0}
  m_GameObject: {fileID: 1818499574}
  m_LocalRotation: {x: -0, y: -0.43583804, z: -0, w: 0.9000251}
  m_LocalPosition: {x: -149.64, y: 25.21, z: -47.48}
  m_LocalScale: {x: 1, y: 1, z: 1}
  m_Children: []
  m_Father: {fileID: 1797410003}
  m_RootOrder: 3
  m_LocalEulerAnglesHint: {x: 0, y: -51.677002, z: 0}
--- !u!65 &1818499576
BoxCollider:
  m_ObjectHideFlags: 0
  m_CorrespondingSourceObject: {fileID: 0}
  m_PrefabInstance: {fileID: 0}
  m_PrefabAsset: {fileID: 0}
  m_GameObject: {fileID: 1818499574}
  m_Material: {fileID: 0}
  m_IsTrigger: 0
  m_Enabled: 1
  serializedVersion: 2
  m_Size: {x: 9.125164, y: 27.859692, z: 37.389076}
  m_Center: {x: 4.0625677, y: 6.231886, z: 2.7229671}
--- !u!1001 &1828248639
PrefabInstance:
  m_ObjectHideFlags: 0
  serializedVersion: 2
  m_Modification:
    m_TransformParent: {fileID: 2075172726}
    m_Modifications:
    - target: {fileID: 6897110011995603360, guid: db6b10526403c4741853dc8b501c00c6,
        type: 3}
      propertyPath: m_LocalPosition.x
      value: 267.12708
      objectReference: {fileID: 0}
    - target: {fileID: 6897110011995603360, guid: db6b10526403c4741853dc8b501c00c6,
        type: 3}
      propertyPath: m_LocalPosition.y
      value: 4.55
      objectReference: {fileID: 0}
    - target: {fileID: 6897110011995603360, guid: db6b10526403c4741853dc8b501c00c6,
        type: 3}
      propertyPath: m_LocalPosition.z
      value: 116.71356
      objectReference: {fileID: 0}
    - target: {fileID: 6897110011995603360, guid: db6b10526403c4741853dc8b501c00c6,
        type: 3}
      propertyPath: m_LocalRotation.x
      value: -0
      objectReference: {fileID: 0}
    - target: {fileID: 6897110011995603360, guid: db6b10526403c4741853dc8b501c00c6,
        type: 3}
      propertyPath: m_LocalRotation.y
      value: 0.99984443
      objectReference: {fileID: 0}
    - target: {fileID: 6897110011995603360, guid: db6b10526403c4741853dc8b501c00c6,
        type: 3}
      propertyPath: m_LocalRotation.z
      value: -0
      objectReference: {fileID: 0}
    - target: {fileID: 6897110011995603360, guid: db6b10526403c4741853dc8b501c00c6,
        type: 3}
      propertyPath: m_LocalRotation.w
      value: 0.017643938
      objectReference: {fileID: 0}
    - target: {fileID: 6897110011995603360, guid: db6b10526403c4741853dc8b501c00c6,
        type: 3}
      propertyPath: m_RootOrder
      value: 3
      objectReference: {fileID: 0}
    - target: {fileID: 6897110011995603360, guid: db6b10526403c4741853dc8b501c00c6,
        type: 3}
      propertyPath: m_LocalEulerAnglesHint.x
      value: 0
      objectReference: {fileID: 0}
    - target: {fileID: 6897110011995603360, guid: db6b10526403c4741853dc8b501c00c6,
        type: 3}
      propertyPath: m_LocalEulerAnglesHint.y
      value: -2.022
      objectReference: {fileID: 0}
    - target: {fileID: 6897110011995603360, guid: db6b10526403c4741853dc8b501c00c6,
        type: 3}
      propertyPath: m_LocalEulerAnglesHint.z
      value: 0
      objectReference: {fileID: 0}
    - target: {fileID: 6897110011995603360, guid: db6b10526403c4741853dc8b501c00c6,
        type: 3}
      propertyPath: m_LocalScale.x
      value: 5.7711635
      objectReference: {fileID: 0}
    - target: {fileID: 6897110011995603360, guid: db6b10526403c4741853dc8b501c00c6,
        type: 3}
      propertyPath: m_LocalScale.z
      value: 3.3948421
      objectReference: {fileID: 0}
    - target: {fileID: 6897110011995905408, guid: db6b10526403c4741853dc8b501c00c6,
        type: 3}
      propertyPath: m_Name
      value: Old Bridge
      objectReference: {fileID: 0}
    m_RemovedComponents: []
  m_SourcePrefab: {fileID: 100100000, guid: db6b10526403c4741853dc8b501c00c6, type: 3}
--- !u!1001 &1912289231
PrefabInstance:
  m_ObjectHideFlags: 0
  serializedVersion: 2
  m_Modification:
    m_TransformParent: {fileID: 0}
    m_Modifications:
    - target: {fileID: 7244147698853446892, guid: c8660cc48493167409560aea3a5c6815,
        type: 3}
      propertyPath: m_LocalPosition.x
      value: 0
      objectReference: {fileID: 0}
    - target: {fileID: 7244147698853446892, guid: c8660cc48493167409560aea3a5c6815,
        type: 3}
      propertyPath: m_LocalPosition.y
      value: 0
      objectReference: {fileID: 0}
    - target: {fileID: 7244147698853446892, guid: c8660cc48493167409560aea3a5c6815,
        type: 3}
      propertyPath: m_LocalPosition.z
      value: 0
      objectReference: {fileID: 0}
    - target: {fileID: 7244147698853446892, guid: c8660cc48493167409560aea3a5c6815,
        type: 3}
      propertyPath: m_LocalRotation.x
      value: 0
      objectReference: {fileID: 0}
    - target: {fileID: 7244147698853446892, guid: c8660cc48493167409560aea3a5c6815,
        type: 3}
      propertyPath: m_LocalRotation.y
      value: 0
      objectReference: {fileID: 0}
    - target: {fileID: 7244147698853446892, guid: c8660cc48493167409560aea3a5c6815,
        type: 3}
      propertyPath: m_LocalRotation.z
      value: 0
      objectReference: {fileID: 0}
    - target: {fileID: 7244147698853446892, guid: c8660cc48493167409560aea3a5c6815,
        type: 3}
      propertyPath: m_LocalRotation.w
      value: 1
      objectReference: {fileID: 0}
    - target: {fileID: 7244147698853446892, guid: c8660cc48493167409560aea3a5c6815,
        type: 3}
      propertyPath: m_RootOrder
      value: 8
      objectReference: {fileID: 0}
    - target: {fileID: 7244147698853446892, guid: c8660cc48493167409560aea3a5c6815,
        type: 3}
      propertyPath: m_LocalEulerAnglesHint.x
      value: 0
      objectReference: {fileID: 0}
    - target: {fileID: 7244147698853446892, guid: c8660cc48493167409560aea3a5c6815,
        type: 3}
      propertyPath: m_LocalEulerAnglesHint.y
      value: 0
      objectReference: {fileID: 0}
    - target: {fileID: 7244147698853446892, guid: c8660cc48493167409560aea3a5c6815,
        type: 3}
      propertyPath: m_LocalEulerAnglesHint.z
      value: 0
      objectReference: {fileID: 0}
    - target: {fileID: 7244147698853446894, guid: c8660cc48493167409560aea3a5c6815,
        type: 3}
      propertyPath: m_Name
      value: Rewired Input Manager
      objectReference: {fileID: 0}
    m_RemovedComponents: []
  m_SourcePrefab: {fileID: 100100000, guid: c8660cc48493167409560aea3a5c6815, type: 3}
--- !u!1 &1989924364
GameObject:
  m_ObjectHideFlags: 0
  m_CorrespondingSourceObject: {fileID: 0}
  m_PrefabInstance: {fileID: 0}
  m_PrefabAsset: {fileID: 0}
  serializedVersion: 6
  m_Component:
  - component: {fileID: 1989924367}
  - component: {fileID: 1989924366}
  - component: {fileID: 1989924365}
  m_Layer: 9
  m_Name: TerrenoEntreCiudadYRuinas
  m_TagString: Untagged
  m_Icon: {fileID: 0}
  m_NavMeshLayer: 0
  m_StaticEditorFlags: 4294967295
  m_IsActive: 1
--- !u!154 &1989924365
TerrainCollider:
  m_ObjectHideFlags: 0
  m_CorrespondingSourceObject: {fileID: 0}
  m_PrefabInstance: {fileID: 0}
  m_PrefabAsset: {fileID: 0}
  m_GameObject: {fileID: 1989924364}
  m_Material: {fileID: 0}
  m_Enabled: 1
  m_TerrainData: {fileID: 15600000, guid: fb9bc32870738b542973aa8e75a25eab, type: 2}
  m_EnableTreeColliders: 1
--- !u!218 &1989924366
Terrain:
  m_ObjectHideFlags: 0
  m_CorrespondingSourceObject: {fileID: 0}
  m_PrefabInstance: {fileID: 0}
  m_PrefabAsset: {fileID: 0}
  m_GameObject: {fileID: 1989924364}
  m_Enabled: 1
  serializedVersion: 3
  m_TerrainData: {fileID: 15600000, guid: fb9bc32870738b542973aa8e75a25eab, type: 2}
  m_TreeDistance: 5000
  m_TreeBillboardDistance: 50
  m_TreeCrossFadeLength: 5
  m_TreeMaximumFullLODCount: 50
  m_DetailObjectDistance: 80
  m_DetailObjectDensity: 1
  m_HeightmapPixelError: 5
  m_SplatMapDistance: 1000
  m_HeightmapMaximumLOD: 0
  m_CastShadows: 1
  m_DrawHeightmap: 1
  m_DrawInstanced: 0
  m_DrawTreesAndFoliage: 1
  m_ReflectionProbeUsage: 1
  m_MaterialType: 0
  m_LegacySpecular:
    serializedVersion: 2
    rgba: 4286545791
  m_LegacyShininess: 0.078125
  m_MaterialTemplate: {fileID: 0}
  m_BakeLightProbesForTrees: 1
  m_PreserveTreePrototypeLayers: 0
  m_DeringLightProbesForTrees: 0
  m_ScaleInLightmap: 0.0512
  m_LightmapParameters: {fileID: 15203, guid: 0000000000000000f000000000000000, type: 0}
  m_GroupingID: 0
  m_AllowAutoConnect: 1
--- !u!4 &1989924367
Transform:
  m_ObjectHideFlags: 0
  m_CorrespondingSourceObject: {fileID: 0}
  m_PrefabInstance: {fileID: 0}
  m_PrefabAsset: {fileID: 0}
  m_GameObject: {fileID: 1989924364}
  m_LocalRotation: {x: -0, y: -0, z: -0, w: 1}
  m_LocalPosition: {x: 0, y: 0, z: 0}
  m_LocalScale: {x: 1, y: 1, z: 1}
  m_Children: []
  m_Father: {fileID: 2075172726}
  m_RootOrder: 0
  m_LocalEulerAnglesHint: {x: 0, y: 0, z: 0}
--- !u!1001 &2075172725
PrefabInstance:
  m_ObjectHideFlags: 0
  serializedVersion: 2
  m_Modification:
    m_TransformParent: {fileID: 0}
    m_Modifications:
    - target: {fileID: 472982091822664467, guid: 7704641ec8ca305468cbdcff051a56ce,
        type: 3}
      propertyPath: Zone
      value: 
      objectReference: {fileID: 11400000, guid: 0298e2258bb507d4787da5477eabe4a4,
        type: 2}
    - target: {fileID: 912248523483965069, guid: 7704641ec8ca305468cbdcff051a56ce,
        type: 3}
      propertyPath: m_LocalPosition.z
      value: -37.7
      objectReference: {fileID: 0}
    - target: {fileID: 978735449047239480, guid: 7704641ec8ca305468cbdcff051a56ce,
        type: 3}
      propertyPath: LevelZone
      value: 
      objectReference: {fileID: 11400000, guid: 0298e2258bb507d4787da5477eabe4a4,
        type: 2}
    - target: {fileID: 1279780474010176357, guid: 7704641ec8ca305468cbdcff051a56ce,
        type: 3}
      propertyPath: m_LocalPosition.x
      value: -250
      objectReference: {fileID: 0}
    - target: {fileID: 1279780474010176357, guid: 7704641ec8ca305468cbdcff051a56ce,
        type: 3}
      propertyPath: m_LocalPosition.y
      value: 0
      objectReference: {fileID: 0}
    - target: {fileID: 1279780474010176357, guid: 7704641ec8ca305468cbdcff051a56ce,
        type: 3}
      propertyPath: m_LocalPosition.z
      value: 500
      objectReference: {fileID: 0}
    - target: {fileID: 1279780474010176357, guid: 7704641ec8ca305468cbdcff051a56ce,
        type: 3}
      propertyPath: m_LocalRotation.x
      value: 0
      objectReference: {fileID: 0}
    - target: {fileID: 1279780474010176357, guid: 7704641ec8ca305468cbdcff051a56ce,
        type: 3}
      propertyPath: m_LocalRotation.y
      value: 0
      objectReference: {fileID: 0}
    - target: {fileID: 1279780474010176357, guid: 7704641ec8ca305468cbdcff051a56ce,
        type: 3}
      propertyPath: m_LocalRotation.z
      value: 0
      objectReference: {fileID: 0}
    - target: {fileID: 1279780474010176357, guid: 7704641ec8ca305468cbdcff051a56ce,
        type: 3}
      propertyPath: m_LocalRotation.w
      value: 1
      objectReference: {fileID: 0}
    - target: {fileID: 1279780474010176357, guid: 7704641ec8ca305468cbdcff051a56ce,
        type: 3}
      propertyPath: m_RootOrder
      value: 11
      objectReference: {fileID: 0}
    - target: {fileID: 1279780474010176357, guid: 7704641ec8ca305468cbdcff051a56ce,
        type: 3}
      propertyPath: m_LocalEulerAnglesHint.x
      value: 0
      objectReference: {fileID: 0}
    - target: {fileID: 1279780474010176357, guid: 7704641ec8ca305468cbdcff051a56ce,
        type: 3}
      propertyPath: m_LocalEulerAnglesHint.y
      value: 0
      objectReference: {fileID: 0}
    - target: {fileID: 1279780474010176357, guid: 7704641ec8ca305468cbdcff051a56ce,
        type: 3}
      propertyPath: m_LocalEulerAnglesHint.z
      value: 0
      objectReference: {fileID: 0}
    - target: {fileID: 2030510147365917196, guid: 7704641ec8ca305468cbdcff051a56ce,
        type: 3}
      propertyPath: m_Name
      value: Level
      objectReference: {fileID: 0}
    - target: {fileID: 2955921965689885112, guid: 7704641ec8ca305468cbdcff051a56ce,
        type: 3}
      propertyPath: sceneNames.Array.size
      value: 2
      objectReference: {fileID: 0}
    - target: {fileID: 2955921965689885112, guid: 7704641ec8ca305468cbdcff051a56ce,
        type: 3}
      propertyPath: sceneNames.Array.data[0]
      value: Ruinas
      objectReference: {fileID: 0}
    - target: {fileID: 2955921965689885112, guid: 7704641ec8ca305468cbdcff051a56ce,
        type: 3}
      propertyPath: sceneNames.Array.data[1]
      value: Ciudad
      objectReference: {fileID: 0}
    - target: {fileID: 4914251154765431677, guid: 7704641ec8ca305468cbdcff051a56ce,
        type: 3}
      propertyPath: m_LocalPosition.y
      value: 0
      objectReference: {fileID: 0}
    - target: {fileID: 4914251154765431677, guid: 7704641ec8ca305468cbdcff051a56ce,
        type: 3}
      propertyPath: m_LocalPosition.z
      value: 103.8
      objectReference: {fileID: 0}
    - target: {fileID: 4914251154765431677, guid: 7704641ec8ca305468cbdcff051a56ce,
        type: 3}
      propertyPath: m_LocalPosition.x
      value: 244.7
      objectReference: {fileID: 0}
    - target: {fileID: 5574330659402069292, guid: 7704641ec8ca305468cbdcff051a56ce,
        type: 3}
      propertyPath: m_Name
      value: Edge To Ciudad
      objectReference: {fileID: 0}
    - target: {fileID: 7832464236830721111, guid: 7704641ec8ca305468cbdcff051a56ce,
        type: 3}
      propertyPath: m_Size.z
      value: 57.707672
      objectReference: {fileID: 0}
    - target: {fileID: 7832464236830721111, guid: 7704641ec8ca305468cbdcff051a56ce,
        type: 3}
      propertyPath: m_Center.z
      value: 143.01863
      objectReference: {fileID: 0}
    - target: {fileID: 7832464236830721111, guid: 7704641ec8ca305468cbdcff051a56ce,
        type: 3}
      propertyPath: m_Size.y
      value: 30.643639
      objectReference: {fileID: 0}
    - target: {fileID: 7832464236830721111, guid: 7704641ec8ca305468cbdcff051a56ce,
        type: 3}
      propertyPath: m_Center.y
      value: 14.821819
      objectReference: {fileID: 0}
    - target: {fileID: 8170807906068057224, guid: 7704641ec8ca305468cbdcff051a56ce,
        type: 3}
      propertyPath: nextSceneName
      value: Ciudad
      objectReference: {fileID: 0}
    m_RemovedComponents: []
  m_SourcePrefab: {fileID: 100100000, guid: 7704641ec8ca305468cbdcff051a56ce, type: 3}
--- !u!4 &2075172726 stripped
Transform:
  m_CorrespondingSourceObject: {fileID: 6007477353316198076, guid: 7704641ec8ca305468cbdcff051a56ce,
    type: 3}
  m_PrefabInstance: {fileID: 2075172725}
  m_PrefabAsset: {fileID: 0}
--- !u!1 &2075172727 stripped
GameObject:
  m_CorrespondingSourceObject: {fileID: 2030510147365917196, guid: 7704641ec8ca305468cbdcff051a56ce,
    type: 3}
  m_PrefabInstance: {fileID: 2075172725}
  m_PrefabAsset: {fileID: 0}
