%YAML 1.1
%TAG !u! tag:unity3d.com,2011:
--- !u!1 &8090010139165865985
GameObject:
  m_ObjectHideFlags: 0
  m_CorrespondingSourceObject: {fileID: 0}
  m_PrefabInstance: {fileID: 0}
  m_PrefabAsset: {fileID: 0}
  serializedVersion: 6
  m_Component:
  - component: {fileID: 8090010139166090273}
  m_Layer: 0
  m_Name: mixamorig:Spine
  m_TagString: Untagged
  m_Icon: {fileID: 0}
  m_NavMeshLayer: 0
  m_StaticEditorFlags: 0
  m_IsActive: 1
--- !u!4 &8090010139166090273
Transform:
  m_ObjectHideFlags: 0
  m_CorrespondingSourceObject: {fileID: 0}
  m_PrefabInstance: {fileID: 0}
  m_PrefabAsset: {fileID: 0}
  m_GameObject: {fileID: 8090010139165865985}
  m_LocalRotation: {x: -0.054322537, y: 0.0000132540945, z: -0.00015446979, w: 0.9985234}
  m_LocalPosition: {x: -0, y: 0.12860283, z: -0.014034229}
  m_LocalScale: {x: 1, y: 1, z: 1}
  m_Children:
  - {fileID: 8090010139166090275}
  m_Father: {fileID: 8090010139166090665}
  m_RootOrder: 2
  m_LocalEulerAnglesHint: {x: -4.3354287, y: 1.6147741, z: -2.3969836}
--- !u!1 &8090010139165865987
GameObject:
  m_ObjectHideFlags: 0
  m_CorrespondingSourceObject: {fileID: 0}
  m_PrefabInstance: {fileID: 0}
  m_PrefabAsset: {fileID: 0}
  serializedVersion: 6
  m_Component:
  - component: {fileID: 8090010139166090275}
  m_Layer: 0
  m_Name: mixamorig:Spine1
  m_TagString: Untagged
  m_Icon: {fileID: 0}
  m_NavMeshLayer: 0
  m_StaticEditorFlags: 0
  m_IsActive: 1
--- !u!4 &8090010139166090275
Transform:
  m_ObjectHideFlags: 0
  m_CorrespondingSourceObject: {fileID: 0}
  m_PrefabInstance: {fileID: 0}
  m_PrefabAsset: {fileID: 0}
  m_GameObject: {fileID: 8090010139165865987}
  m_LocalRotation: {x: 7.83791e-26, y: -1.1638096e-13, z: 6.734702e-13, w: 1}
  m_LocalPosition: {x: -0, y: 0.15092736, z: 1.1888027e-10}
  m_LocalScale: {x: 1, y: 1, z: 1}
  m_Children:
  - {fileID: 8090010139166090277}
  m_Father: {fileID: 8090010139166090273}
  m_RootOrder: 0
  m_LocalEulerAnglesHint: {x: 1.61973, y: 3.864154, z: -0.686203}
--- !u!1 &8090010139165865989
GameObject:
  m_ObjectHideFlags: 0
  m_CorrespondingSourceObject: {fileID: 0}
  m_PrefabInstance: {fileID: 0}
  m_PrefabAsset: {fileID: 0}
  serializedVersion: 6
  m_Component:
  - component: {fileID: 8090010139166090277}
  m_Layer: 0
  m_Name: mixamorig:Spine2
  m_TagString: Untagged
  m_Icon: {fileID: 0}
  m_NavMeshLayer: 0
  m_StaticEditorFlags: 0
  m_IsActive: 1
--- !u!4 &8090010139166090277
Transform:
  m_ObjectHideFlags: 0
  m_CorrespondingSourceObject: {fileID: 0}
  m_PrefabInstance: {fileID: 0}
  m_PrefabAsset: {fileID: 0}
  m_GameObject: {fileID: 8090010139165865989}
  m_LocalRotation: {x: 0, y: 1.2621775e-29, z: -2.682127e-29, w: 1}
  m_LocalPosition: {x: -0, y: 0.1724885, z: -8.1913076e-10}
  m_LocalScale: {x: 1, y: 1, z: 1}
  m_Children:
  - {fileID: 8090010139166090653}
  - {fileID: 8090010139166090725}
  - {fileID: 8090010139166090713}
  m_Father: {fileID: 8090010139166090275}
  m_RootOrder: 0
  m_LocalEulerAnglesHint: {x: -3.0351288, y: 3.8012578, z: -0.31161353}
--- !u!1 &8090010139165866017
GameObject:
  m_ObjectHideFlags: 0
  m_CorrespondingSourceObject: {fileID: 0}
  m_PrefabInstance: {fileID: 0}
  m_PrefabAsset: {fileID: 0}
  serializedVersion: 6
  m_Component:
  - component: {fileID: 8090010139166090689}
  m_Layer: 0
  m_Name: mixamorig:RightHandPinky2
  m_TagString: Untagged
  m_Icon: {fileID: 0}
  m_NavMeshLayer: 0
  m_StaticEditorFlags: 0
  m_IsActive: 1
--- !u!4 &8090010139166090689
Transform:
  m_ObjectHideFlags: 0
  m_CorrespondingSourceObject: {fileID: 0}
  m_PrefabInstance: {fileID: 0}
  m_PrefabAsset: {fileID: 0}
  m_GameObject: {fileID: 8090010139165866017}
  m_LocalRotation: {x: 0.00000025944794, y: 0.00004041251, z: -0.0019809348, w: 0.99999803}
  m_LocalPosition: {x: -0.0000071771383, y: 0.037640527, z: -9.4476605e-12}
  m_LocalScale: {x: 1, y: 1, z: 1}
  m_Children:
  - {fileID: 8090010139166090691}
  m_Father: {fileID: 8090010139166090751}
  m_RootOrder: 0
  m_LocalEulerAnglesHint: {x: 49.950153, y: -2.8485746, z: -5.566874}
--- !u!1 &8090010139165866019
GameObject:
  m_ObjectHideFlags: 0
  m_CorrespondingSourceObject: {fileID: 0}
  m_PrefabInstance: {fileID: 0}
  m_PrefabAsset: {fileID: 0}
  serializedVersion: 6
  m_Component:
  - component: {fileID: 8090010139166090691}
  m_Layer: 0
  m_Name: mixamorig:RightHandPinky3
  m_TagString: Untagged
  m_Icon: {fileID: 0}
  m_NavMeshLayer: 0
  m_StaticEditorFlags: 0
  m_IsActive: 1
--- !u!4 &8090010139166090691
Transform:
  m_ObjectHideFlags: 0
  m_CorrespondingSourceObject: {fileID: 0}
  m_PrefabInstance: {fileID: 0}
  m_PrefabAsset: {fileID: 0}
  m_GameObject: {fileID: 8090010139165866019}
  m_LocalRotation: {x: -0.000000019516193, y: 0.000014283562, z: 0.004483909, w: 0.99999}
  m_LocalPosition: {x: -0.00013028044, y: 0.03134204, z: -6.977609e-10}
  m_LocalScale: {x: 1, y: 1, z: 1}
  m_Children:
  - {fileID: 8090010139166090693}
  m_Father: {fileID: 8090010139166090689}
  m_RootOrder: 0
  m_LocalEulerAnglesHint: {x: 44.20693, y: -2.2431834, z: -1.9402963}
--- !u!1 &8090010139165866021
GameObject:
  m_ObjectHideFlags: 0
  m_CorrespondingSourceObject: {fileID: 0}
  m_PrefabInstance: {fileID: 0}
  m_PrefabAsset: {fileID: 0}
  serializedVersion: 6
  m_Component:
  - component: {fileID: 8090010139166090693}
  m_Layer: 0
  m_Name: mixamorig:RightHandPinky4
  m_TagString: Untagged
  m_Icon: {fileID: 0}
  m_NavMeshLayer: 0
  m_StaticEditorFlags: 0
  m_IsActive: 1
--- !u!4 &8090010139166090693
Transform:
  m_ObjectHideFlags: 0
  m_CorrespondingSourceObject: {fileID: 0}
  m_PrefabInstance: {fileID: 0}
  m_PrefabAsset: {fileID: 0}
  m_GameObject: {fileID: 8090010139165866021}
  m_LocalRotation: {x: 0, y: -0, z: -0, w: 1}
  m_LocalPosition: {x: 0.00013745643, y: 0.028421514, z: 6.1500854e-10}
  m_LocalScale: {x: 1, y: 1, z: 1}
  m_Children: []
  m_Father: {fileID: 8090010139166090691}
  m_RootOrder: 0
  m_LocalEulerAnglesHint: {x: 0, y: 0, z: 0}
--- !u!1 &8090010139165866023
GameObject:
  m_ObjectHideFlags: 0
  m_CorrespondingSourceObject: {fileID: 0}
  m_PrefabInstance: {fileID: 0}
  m_PrefabAsset: {fileID: 0}
  serializedVersion: 6
  m_Component:
  - component: {fileID: 8090010139166090695}
  m_Layer: 0
  m_Name: mixamorig:RightHandRing1
  m_TagString: Untagged
  m_Icon: {fileID: 0}
  m_NavMeshLayer: 0
  m_StaticEditorFlags: 0
  m_IsActive: 1
--- !u!4 &8090010139166090695
Transform:
  m_ObjectHideFlags: 0
  m_CorrespondingSourceObject: {fileID: 0}
  m_PrefabInstance: {fileID: 0}
  m_PrefabAsset: {fileID: 0}
  m_GameObject: {fileID: 8090010139165866023}
  m_LocalRotation: {x: -0.0076834345, y: 0.0008202339, z: 0.042023808, w: 0.99908674}
  m_LocalPosition: {x: 0.0133879, y: 0.12942183, z: -0.0019451779}
  m_LocalScale: {x: 1, y: 1, z: 1}
  m_Children:
  - {fileID: 8090010139166090697}
  m_Father: {fileID: 8090010139166090733}
  m_RootOrder: 3
  m_LocalEulerAnglesHint: {x: 34.85262, y: -0.89590836, z: -4.3398743}
--- !u!1 &8090010139165866025
GameObject:
  m_ObjectHideFlags: 0
  m_CorrespondingSourceObject: {fileID: 0}
  m_PrefabInstance: {fileID: 0}
  m_PrefabAsset: {fileID: 0}
  serializedVersion: 6
  m_Component:
  - component: {fileID: 8090010139166090697}
  m_Layer: 0
  m_Name: mixamorig:RightHandRing2
  m_TagString: Untagged
  m_Icon: {fileID: 0}
  m_NavMeshLayer: 0
  m_StaticEditorFlags: 0
  m_IsActive: 1
--- !u!4 &8090010139166090697
Transform:
  m_ObjectHideFlags: 0
  m_CorrespondingSourceObject: {fileID: 0}
  m_PrefabInstance: {fileID: 0}
  m_PrefabAsset: {fileID: 0}
  m_GameObject: {fileID: 8090010139165866025}
  m_LocalRotation: {x: -0.00000004788345, y: -0.00009803026, z: 0.002557953, w: 0.9999967}
  m_LocalPosition: {x: -0.00024315357, y: 0.0376215, z: -8.8686986e-10}
  m_LocalScale: {x: 1, y: 1, z: 1}
  m_Children:
  - {fileID: 8090010139166090699}
  m_Father: {fileID: 8090010139166090695}
  m_RootOrder: 0
  m_LocalEulerAnglesHint: {x: 24.069279, y: -0.16721617, z: -1.9676872}
--- !u!1 &8090010139165866027
GameObject:
  m_ObjectHideFlags: 0
  m_CorrespondingSourceObject: {fileID: 0}
  m_PrefabInstance: {fileID: 0}
  m_PrefabAsset: {fileID: 0}
  serializedVersion: 6
  m_Component:
  - component: {fileID: 8090010139166090699}
  m_Layer: 0
  m_Name: mixamorig:RightHandRing3
  m_TagString: Untagged
  m_Icon: {fileID: 0}
  m_NavMeshLayer: 0
  m_StaticEditorFlags: 0
  m_IsActive: 1
--- !u!4 &8090010139166090699
Transform:
  m_ObjectHideFlags: 0
  m_CorrespondingSourceObject: {fileID: 0}
  m_PrefabInstance: {fileID: 0}
  m_PrefabAsset: {fileID: 0}
  m_GameObject: {fileID: 8090010139165866027}
  m_LocalRotation: {x: 0.0000009339048, y: 0.00021134898, z: 0.005362703, w: 0.99998564}
  m_LocalPosition: {x: -0.000046513193, y: 0.034988523, z: -1.7887572e-10}
  m_LocalScale: {x: 1, y: 1, z: 1}
  m_Children:
  - {fileID: 8090010139166090701}
  m_Father: {fileID: 8090010139166090697}
  m_RootOrder: 0
  m_LocalEulerAnglesHint: {x: 20.451576, y: -0.07445352, z: 0.8538941}
--- !u!1 &8090010139165866029
GameObject:
  m_ObjectHideFlags: 0
  m_CorrespondingSourceObject: {fileID: 0}
  m_PrefabInstance: {fileID: 0}
  m_PrefabAsset: {fileID: 0}
  serializedVersion: 6
  m_Component:
  - component: {fileID: 8090010139166090701}
  m_Layer: 0
  m_Name: mixamorig:RightHandRing4
  m_TagString: Untagged
  m_Icon: {fileID: 0}
  m_NavMeshLayer: 0
  m_StaticEditorFlags: 0
  m_IsActive: 1
--- !u!4 &8090010139166090701
Transform:
  m_ObjectHideFlags: 0
  m_CorrespondingSourceObject: {fileID: 0}
  m_PrefabInstance: {fileID: 0}
  m_PrefabAsset: {fileID: 0}
  m_GameObject: {fileID: 8090010139165866029}
  m_LocalRotation: {x: 0, y: -0, z: -0, w: 1}
  m_LocalPosition: {x: 0.0002896671, y: 0.030907921, z: -4.3629312e-11}
  m_LocalScale: {x: 1, y: 1, z: 1}
  m_Children: []
  m_Father: {fileID: 8090010139166090699}
  m_RootOrder: 0
  m_LocalEulerAnglesHint: {x: 0, y: 0, z: 0}
--- !u!1 &8090010139165866031
GameObject:
  m_ObjectHideFlags: 0
  m_CorrespondingSourceObject: {fileID: 0}
  m_PrefabInstance: {fileID: 0}
  m_PrefabAsset: {fileID: 0}
  serializedVersion: 6
  m_Component:
  - component: {fileID: 8090010139166090703}
  m_Layer: 0
  m_Name: mixamorig:RightHandThumb1
  m_TagString: Untagged
  m_Icon: {fileID: 0}
  m_NavMeshLayer: 0
  m_StaticEditorFlags: 0
  m_IsActive: 1
--- !u!4 &8090010139166090703
Transform:
  m_ObjectHideFlags: 0
  m_CorrespondingSourceObject: {fileID: 0}
  m_PrefabInstance: {fileID: 0}
  m_PrefabAsset: {fileID: 0}
  m_GameObject: {fileID: 8090010139165866031}
  m_LocalRotation: {x: 0.20917983, y: 0.06438999, z: 0.2427915, w: 0.94506615}
  m_LocalPosition: {x: -0.031315118, y: 0.040992707, z: 0.019970844}
  m_LocalScale: {x: 1, y: 1, z: 1}
  m_Children:
  - {fileID: 8090010139166090705}
  m_Father: {fileID: 8090010139166090733}
  m_RootOrder: 4
  m_LocalEulerAnglesHint: {x: 7.3858223, y: 24.85493, z: 15.591367}
--- !u!1 &8090010139165866033
GameObject:
  m_ObjectHideFlags: 0
  m_CorrespondingSourceObject: {fileID: 0}
  m_PrefabInstance: {fileID: 0}
  m_PrefabAsset: {fileID: 0}
  serializedVersion: 6
  m_Component:
  - component: {fileID: 8090010139166090705}
  m_Layer: 0
  m_Name: mixamorig:RightHandThumb2
  m_TagString: Untagged
  m_Icon: {fileID: 0}
  m_NavMeshLayer: 0
  m_StaticEditorFlags: 0
  m_IsActive: 1
--- !u!4 &8090010139166090705
Transform:
  m_ObjectHideFlags: 0
  m_CorrespondingSourceObject: {fileID: 0}
  m_PrefabInstance: {fileID: 0}
  m_PrefabAsset: {fileID: 0}
  m_GameObject: {fileID: 8090010139165866033}
  m_LocalRotation: {x: 0.000043407486, y: -0.0012135558, z: 0.07387402, w: 0.9972669}
  m_LocalPosition: {x: -0.004834656, y: 0.043987997, z: 1.704035e-10}
  m_LocalScale: {x: 1, y: 1, z: 1}
  m_Children:
  - {fileID: 8090010139166090707}
  m_Father: {fileID: 8090010139166090703}
  m_RootOrder: 0
  m_LocalEulerAnglesHint: {x: -10.614114, y: 11.08885, z: 1.0962131}
--- !u!1 &8090010139165866035
GameObject:
  m_ObjectHideFlags: 0
  m_CorrespondingSourceObject: {fileID: 0}
  m_PrefabInstance: {fileID: 0}
  m_PrefabAsset: {fileID: 0}
  serializedVersion: 6
  m_Component:
  - component: {fileID: 8090010139166090707}
  m_Layer: 0
  m_Name: mixamorig:RightHandThumb3
  m_TagString: Untagged
  m_Icon: {fileID: 0}
  m_NavMeshLayer: 0
  m_StaticEditorFlags: 0
  m_IsActive: 1
--- !u!4 &8090010139166090707
Transform:
  m_ObjectHideFlags: 0
  m_CorrespondingSourceObject: {fileID: 0}
  m_PrefabInstance: {fileID: 0}
  m_PrefabAsset: {fileID: 0}
  m_GameObject: {fileID: 8090010139165866035}
  m_LocalRotation: {x: -0.00013338873, y: -0.0019950464, z: 0.028608875, w: 0.9995887}
  m_LocalPosition: {x: 0.0016092206, y: 0.041872807, z: -3.74977e-10}
  m_LocalScale: {x: 1, y: 1, z: 1}
  m_Children:
  - {fileID: 8090010139166090709}
  m_Father: {fileID: 8090010139166090705}
  m_RootOrder: 0
  m_LocalEulerAnglesHint: {x: 1.8770251, y: -10.371916, z: 16.895851}
--- !u!1 &8090010139165866037
GameObject:
  m_ObjectHideFlags: 0
  m_CorrespondingSourceObject: {fileID: 0}
  m_PrefabInstance: {fileID: 0}
  m_PrefabAsset: {fileID: 0}
  serializedVersion: 6
  m_Component:
  - component: {fileID: 8090010139166090709}
  m_Layer: 0
  m_Name: mixamorig:RightHandThumb4
  m_TagString: Untagged
  m_Icon: {fileID: 0}
  m_NavMeshLayer: 0
  m_StaticEditorFlags: 0
  m_IsActive: 1
--- !u!4 &8090010139166090709
Transform:
  m_ObjectHideFlags: 0
  m_CorrespondingSourceObject: {fileID: 0}
  m_PrefabInstance: {fileID: 0}
  m_PrefabAsset: {fileID: 0}
  m_GameObject: {fileID: 8090010139165866037}
  m_LocalRotation: {x: 0, y: -0, z: -0, w: 1}
  m_LocalPosition: {x: 0.0032254383, y: 0.033620134, z: -5.157307e-10}
  m_LocalScale: {x: 1, y: 1, z: 1}
  m_Children: []
  m_Father: {fileID: 8090010139166090707}
  m_RootOrder: 0
  m_LocalEulerAnglesHint: {x: 0, y: 0, z: 0}
--- !u!1 &8090010139165866039
GameObject:
  m_ObjectHideFlags: 0
  m_CorrespondingSourceObject: {fileID: 0}
  m_PrefabInstance: {fileID: 0}
  m_PrefabAsset: {fileID: 0}
  serializedVersion: 6
  m_Component:
  - component: {fileID: 8090010139166090711}
  m_Layer: 0
  m_Name: mixamorig:RightLeg
  m_TagString: Untagged
  m_Icon: {fileID: 0}
  m_NavMeshLayer: 0
  m_StaticEditorFlags: 0
  m_IsActive: 1
--- !u!4 &8090010139166090711
Transform:
  m_ObjectHideFlags: 0
  m_CorrespondingSourceObject: {fileID: 0}
  m_PrefabInstance: {fileID: 0}
  m_PrefabAsset: {fileID: 0}
  m_GameObject: {fileID: 8090010139165866039}
  m_LocalRotation: {x: -0.043387953, y: 0.0008604409, z: -0.065675385, w: 0.9968969}
  m_LocalPosition: {x: -4.481465e-10, y: 0.50361377, z: 2.1318922e-10}
  m_LocalScale: {x: 1, y: 1, z: 1}
  m_Children:
  - {fileID: 8090010139166090729}
  m_Father: {fileID: 8090010139166090719}
  m_RootOrder: 0
  m_LocalEulerAnglesHint: {x: -29.512508, y: 4.1115327, z: -7.3916345}
--- !u!1 &8090010139165866041
GameObject:
  m_ObjectHideFlags: 0
  m_CorrespondingSourceObject: {fileID: 0}
  m_PrefabInstance: {fileID: 0}
  m_PrefabAsset: {fileID: 0}
  serializedVersion: 6
  m_Component:
  - component: {fileID: 8090010139166090713}
  m_Layer: 0
  m_Name: mixamorig:RightShoulder
  m_TagString: Untagged
  m_Icon: {fileID: 0}
  m_NavMeshLayer: 0
  m_StaticEditorFlags: 0
  m_IsActive: 1
--- !u!4 &8090010139166090713
Transform:
  m_ObjectHideFlags: 0
  m_CorrespondingSourceObject: {fileID: 0}
  m_PrefabInstance: {fileID: 0}
  m_PrefabAsset: {fileID: 0}
  m_GameObject: {fileID: 8090010139165866041}
  m_LocalRotation: {x: -0.54305893, y: -0.45055044, z: 0.5536033, w: -0.44228354}
  m_LocalPosition: {x: 0.072050355, y: 0.17822343, z: -0.0014554247}
  m_LocalScale: {x: 1, y: 1, z: 1}
  m_Children:
  - {fileID: 8090010139166090727}
  m_Father: {fileID: 8090010139166090277}
  m_RootOrder: 2
  m_LocalEulerAnglesHint: {x: 73.74405, y: -90.133514, z: -177.45471}
--- !u!1 &8090010139165866043
GameObject:
  m_ObjectHideFlags: 0
  m_CorrespondingSourceObject: {fileID: 0}
  m_PrefabInstance: {fileID: 0}
  m_PrefabAsset: {fileID: 0}
  serializedVersion: 6
  m_Component:
  - component: {fileID: 8090010139166090715}
  m_Layer: 0
  m_Name: mixamorig:RightToe_End
  m_TagString: Untagged
  m_Icon: {fileID: 0}
  m_NavMeshLayer: 0
  m_StaticEditorFlags: 0
  m_IsActive: 1
--- !u!4 &8090010139166090715
Transform:
  m_ObjectHideFlags: 0
  m_CorrespondingSourceObject: {fileID: 0}
  m_PrefabInstance: {fileID: 0}
  m_PrefabAsset: {fileID: 0}
  m_GameObject: {fileID: 8090010139165866043}
  m_LocalRotation: {x: 0, y: -0, z: -0, w: 1}
  m_LocalPosition: {x: 6.997704e-11, y: 0.081823826, z: 1.1768182e-11}
  m_LocalScale: {x: 1, y: 1, z: 1}
  m_Children: []
  m_Father: {fileID: 8090010139166090717}
  m_RootOrder: 0
  m_LocalEulerAnglesHint: {x: 0, y: 0, z: 0}
--- !u!1 &8090010139165866045
GameObject:
  m_ObjectHideFlags: 0
  m_CorrespondingSourceObject: {fileID: 0}
  m_PrefabInstance: {fileID: 0}
  m_PrefabAsset: {fileID: 0}
  serializedVersion: 6
  m_Component:
  - component: {fileID: 8090010139166090717}
  m_Layer: 0
  m_Name: mixamorig:RightToeBase
  m_TagString: Untagged
  m_Icon: {fileID: 0}
  m_NavMeshLayer: 0
  m_StaticEditorFlags: 0
  m_IsActive: 1
--- !u!4 &8090010139166090717
Transform:
  m_ObjectHideFlags: 0
  m_CorrespondingSourceObject: {fileID: 0}
  m_PrefabInstance: {fileID: 0}
  m_PrefabAsset: {fileID: 0}
  m_GameObject: {fileID: 8090010139165866045}
  m_LocalRotation: {x: 0.275485, y: 0.048171833, z: -0.013823584, w: 0.95999813}
  m_LocalPosition: {x: -8.104354e-11, y: 0.1984243, z: 0.0000000020980147}
  m_LocalScale: {x: 1, y: 1, z: 1}
  m_Children:
  - {fileID: 8090010139166090715}
  m_Father: {fileID: 8090010139166090729}
  m_RootOrder: 0
  m_LocalEulerAnglesHint: {x: 35.533707, y: 5.8570075, z: 0.11798741}
--- !u!1 &8090010139165866047
GameObject:
  m_ObjectHideFlags: 0
  m_CorrespondingSourceObject: {fileID: 0}
  m_PrefabInstance: {fileID: 0}
  m_PrefabAsset: {fileID: 0}
  serializedVersion: 6
  m_Component:
  - component: {fileID: 8090010139166090719}
  m_Layer: 0
  m_Name: mixamorig:RightUpLeg
  m_TagString: Untagged
  m_Icon: {fileID: 0}
  m_NavMeshLayer: 0
  m_StaticEditorFlags: 0
  m_IsActive: 1
--- !u!4 &8090010139166090719
Transform:
  m_ObjectHideFlags: 0
  m_CorrespondingSourceObject: {fileID: 0}
  m_PrefabInstance: {fileID: 0}
  m_PrefabAsset: {fileID: 0}
  m_GameObject: {fileID: 8090010139165866047}
  m_LocalRotation: {x: 0.0002562419, y: 0.0051275273, z: 0.9995011, w: -0.031163646}
  m_LocalPosition: {x: 0.10163308, y: -0.07135437, z: 0.012576131}
  m_LocalScale: {x: 1, y: 1, z: 1}
  m_Children:
  - {fileID: 8090010139166090711}
  m_Father: {fileID: 8090010139166090665}
  m_RootOrder: 1
  m_LocalEulerAnglesHint: {x: -19.844032, y: 12.204587, z: 172.85368}
--- !u!1 &8090010139165866369
GameObject:
  m_ObjectHideFlags: 0
  m_CorrespondingSourceObject: {fileID: 0}
  m_PrefabInstance: {fileID: 0}
  m_PrefabAsset: {fileID: 0}
  serializedVersion: 6
  m_Component:
  - component: {fileID: 8090010139166090657}
  - component: {fileID: 8090010139171140737}
  m_Layer: 0
  m_Name: MedievalWoman1
  m_TagString: Untagged
  m_Icon: {fileID: 0}
  m_NavMeshLayer: 0
  m_StaticEditorFlags: 0
  m_IsActive: 1
--- !u!4 &8090010139166090657
Transform:
  m_ObjectHideFlags: 0
  m_CorrespondingSourceObject: {fileID: 0}
  m_PrefabInstance: {fileID: 0}
  m_PrefabAsset: {fileID: 0}
  m_GameObject: {fileID: 8090010139165866369}
  m_LocalRotation: {x: 0.000000081460335, y: 0, z: -0, w: 1}
  m_LocalPosition: {x: -0, y: 0, z: 0}
  m_LocalScale: {x: 1.22, y: 1.22, z: 1.22}
  m_Children: []
  m_Father: {fileID: 8090010139166090659}
  m_RootOrder: 0
  m_LocalEulerAnglesHint: {x: 0, y: 0, z: 0}
--- !u!137 &8090010139171140737
SkinnedMeshRenderer:
  m_ObjectHideFlags: 0
  m_CorrespondingSourceObject: {fileID: 0}
  m_PrefabInstance: {fileID: 0}
  m_PrefabAsset: {fileID: 0}
  m_GameObject: {fileID: 8090010139165866369}
  m_Enabled: 1
  m_CastShadows: 1
  m_ReceiveShadows: 1
  m_DynamicOccludee: 1
  m_MotionVectors: 1
  m_LightProbeUsage: 1
  m_ReflectionProbeUsage: 1
  m_RenderingLayerMask: 1
  m_RendererPriority: 0
  m_Materials:
  - {fileID: 2100000, guid: 2ce11f6e00d97b2469d59e6ca7c2c1a0, type: 3}
  - {fileID: 2100002, guid: 2ce11f6e00d97b2469d59e6ca7c2c1a0, type: 3}
  m_StaticBatchInfo:
    firstSubMesh: 0
    subMeshCount: 0
  m_StaticBatchRoot: {fileID: 0}
  m_ProbeAnchor: {fileID: 0}
  m_LightProbeVolumeOverride: {fileID: 0}
  m_ScaleInLightmap: 1
  m_PreserveUVs: 0
  m_IgnoreNormalsForChartDetection: 0
  m_ImportantGI: 0
  m_StitchLightmapSeams: 0
  m_SelectedEditorRenderState: 3
  m_MinimumChartSize: 4
  m_AutoUVMaxDistance: 0.5
  m_AutoUVMaxAngle: 89
  m_LightmapParameters: {fileID: 0}
  m_SortingLayerID: 0
  m_SortingLayer: 0
  m_SortingOrder: 0
  serializedVersion: 2
  m_Quality: 0
  m_UpdateWhenOffscreen: 0
  m_SkinnedMotionVectors: 1
  m_Mesh: {fileID: 4300000, guid: 2ce11f6e00d97b2469d59e6ca7c2c1a0, type: 3}
  m_Bones:
  - {fileID: 8090010139166090661}
  - {fileID: 8090010139166090725}
  - {fileID: 8090010139166090277}
  - {fileID: 8090010139166090671}
  - {fileID: 8090010139166090673}
  - {fileID: 8090010139166090667}
  - {fileID: 8090010139166090627}
  - {fileID: 8090010139166090683}
  - {fileID: 8090010139166090635}
  - {fileID: 8090010139166090643}
  - {fileID: 8090010139166090629}
  - {fileID: 8090010139166090637}
  - {fileID: 8090010139166090685}
  - {fileID: 8090010139166090675}
  - {fileID: 8090010139166090645}
  - {fileID: 8090010139166090647}
  - {fileID: 8090010139166090631}
  - {fileID: 8090010139166090677}
  - {fileID: 8090010139166090679}
  - {fileID: 8090010139166090687}
  - {fileID: 8090010139166090639}
  - {fileID: 8090010139166090653}
  - {fileID: 8090010139166090727}
  - {fileID: 8090010139166090731}
  - {fileID: 8090010139166090733}
  - {fileID: 8090010139166090713}
  - {fileID: 8090010139166090743}
  - {fileID: 8090010139166090695}
  - {fileID: 8090010139166090751}
  - {fileID: 8090010139166090703}
  - {fileID: 8090010139166090735}
  - {fileID: 8090010139166090689}
  - {fileID: 8090010139166090697}
  - {fileID: 8090010139166090745}
  - {fileID: 8090010139166090737}
  - {fileID: 8090010139166090705}
  - {fileID: 8090010139166090707}
  - {fileID: 8090010139166090691}
  - {fileID: 8090010139166090739}
  - {fileID: 8090010139166090747}
  - {fileID: 8090010139166090699}
  - {fileID: 8090010139166090665}
  - {fileID: 8090010139166090723}
  - {fileID: 8090010139166090273}
  - {fileID: 8090010139166090275}
  - {fileID: 8090010139166090719}
  - {fileID: 8090010139166090651}
  - {fileID: 8090010139166090711}
  - {fileID: 8090010139166090669}
  - {fileID: 8090010139166090721}
  - {fileID: 8090010139166090717}
  - {fileID: 8090010139166090729}
  m_BlendShapeWeights: []
  m_RootBone: {fileID: 8090010139166090665}
  m_AABB:
    m_Center: {x: 0.00006377697, y: -0.1460765, z: 0.023686305}
    m_Extent: {x: 1.1001638, y: 1.1735339, z: 0.4052999}
  m_DirtyAABB: 0
--- !u!1 &8090010139165866371
GameObject:
  m_ObjectHideFlags: 0
  m_CorrespondingSourceObject: {fileID: 0}
  m_PrefabInstance: {fileID: 0}
  m_PrefabAsset: {fileID: 0}
  serializedVersion: 6
  m_Component:
  - component: {fileID: 8090010139166090659}
  - component: {fileID: 8090010139175373377}
  m_Layer: 0
  m_Name: NPC7
  m_TagString: Untagged
  m_Icon: {fileID: 0}
  m_NavMeshLayer: 0
  m_StaticEditorFlags: 0
  m_IsActive: 1
--- !u!4 &8090010139166090659
Transform:
  m_ObjectHideFlags: 0
  m_CorrespondingSourceObject: {fileID: 0}
  m_PrefabInstance: {fileID: 0}
  m_PrefabAsset: {fileID: 0}
  m_GameObject: {fileID: 8090010139165866371}
  m_LocalRotation: {x: 0, y: 0, z: 0, w: 1}
  m_LocalPosition: {x: 2.6780705, y: 1.03199424e-16, z: -11.051755}
  m_LocalScale: {x: 1, y: 1, z: 1}
  m_Children:
  - {fileID: 8090010139166090657}
  - {fileID: 8090010139166090665}
  m_Father: {fileID: 0}
  m_RootOrder: 0
  m_LocalEulerAnglesHint: {x: 0, y: 0, z: 0}
--- !u!95 &8090010139175373377
Animator:
  serializedVersion: 3
  m_ObjectHideFlags: 0
  m_CorrespondingSourceObject: {fileID: 0}
  m_PrefabInstance: {fileID: 0}
  m_PrefabAsset: {fileID: 0}
  m_GameObject: {fileID: 8090010139165866371}
  m_Enabled: 1
  m_Avatar: {fileID: 9000000, guid: 2ce11f6e00d97b2469d59e6ca7c2c1a0, type: 3}
  m_Controller: {fileID: 9100000, guid: e55c50e91e2b43541bfc5768f3ac8b51, type: 2}
  m_CullingMode: 0
  m_UpdateMode: 0
  m_ApplyRootMotion: 0
  m_LinearVelocityBlending: 0
  m_WarningMessage: 
  m_HasTransformHierarchy: 1
  m_AllowConstantClipSamplingOptimization: 1
  m_KeepAnimatorControllerStateOnDisable: 0
--- !u!1 &8090010139165866373
GameObject:
  m_ObjectHideFlags: 0
  m_CorrespondingSourceObject: {fileID: 0}
  m_PrefabInstance: {fileID: 0}
  m_PrefabAsset: {fileID: 0}
  serializedVersion: 6
  m_Component:
  - component: {fileID: 8090010139166090661}
  m_Layer: 0
  m_Name: mixamorig:Head
  m_TagString: Untagged
  m_Icon: {fileID: 0}
  m_NavMeshLayer: 0
  m_StaticEditorFlags: 0
  m_IsActive: 1
--- !u!4 &8090010139166090661
Transform:
  m_ObjectHideFlags: 0
  m_CorrespondingSourceObject: {fileID: 0}
  m_PrefabInstance: {fileID: 0}
  m_PrefabAsset: {fileID: 0}
  m_GameObject: {fileID: 8090010139165866373}
  m_LocalRotation: {x: 0, y: 6.3108872e-30, z: -4.0379157e-31, w: 1}
  m_LocalPosition: {x: -0, y: 0.10230728, z: 0.048474215}
  m_LocalScale: {x: 1, y: 1, z: 1}
  m_Children:
  - {fileID: 8090010139166090663}
  m_Father: {fileID: 8090010139166090725}
  m_RootOrder: 0
  m_LocalEulerAnglesHint: {x: -0.7494237, y: 0.67609423, z: 1.180024}
--- !u!1 &8090010139165866375
GameObject:
  m_ObjectHideFlags: 0
  m_CorrespondingSourceObject: {fileID: 0}
  m_PrefabInstance: {fileID: 0}
  m_PrefabAsset: {fileID: 0}
  serializedVersion: 6
  m_Component:
  - component: {fileID: 8090010139166090663}
  m_Layer: 0
  m_Name: mixamorig:HeadTop_End
  m_TagString: Untagged
  m_Icon: {fileID: 0}
  m_NavMeshLayer: 0
  m_StaticEditorFlags: 0
  m_IsActive: 1
--- !u!4 &8090010139166090663
Transform:
  m_ObjectHideFlags: 0
  m_CorrespondingSourceObject: {fileID: 0}
  m_PrefabInstance: {fileID: 0}
  m_PrefabAsset: {fileID: 0}
  m_GameObject: {fileID: 8090010139165866375}
  m_LocalRotation: {x: 0, y: -0, z: -0, w: 1}
  m_LocalPosition: {x: -0, y: 0.24976364, z: 0.118340544}
  m_LocalScale: {x: 1, y: 1, z: 1}
  m_Children: []
  m_Father: {fileID: 8090010139166090661}
  m_RootOrder: 0
  m_LocalEulerAnglesHint: {x: 0, y: 0, z: 0}
--- !u!1 &8090010139165866377
GameObject:
  m_ObjectHideFlags: 0
  m_CorrespondingSourceObject: {fileID: 0}
  m_PrefabInstance: {fileID: 0}
  m_PrefabAsset: {fileID: 0}
  serializedVersion: 6
  m_Component:
  - component: {fileID: 8090010139166090665}
  m_Layer: 0
  m_Name: mixamorig:Hips
  m_TagString: Untagged
  m_Icon: {fileID: 0}
  m_NavMeshLayer: 0
  m_StaticEditorFlags: 0
  m_IsActive: 1
--- !u!4 &8090010139166090665
Transform:
  m_ObjectHideFlags: 0
  m_CorrespondingSourceObject: {fileID: 0}
  m_PrefabInstance: {fileID: 0}
  m_PrefabAsset: {fileID: 0}
  m_GameObject: {fileID: 8090010139165866377}
  m_LocalRotation: {x: 0.00000012350267, y: -0.0000048432316, z: 0.0001549617, w: 1}
  m_LocalPosition: {x: -0.00002181063, y: 1.1530988, z: -0.013006202}
  m_LocalScale: {x: 1, y: 1, z: 1}
  m_Children:
  - {fileID: 8090010139166090723}
  - {fileID: 8090010139166090719}
  - {fileID: 8090010139166090273}
  m_Father: {fileID: 8090010139166090659}
  m_RootOrder: 1
  m_LocalEulerAnglesHint: {x: -0.199799, y: -8.167954, z: 3.4304705}
--- !u!1 &8090010139165866379
GameObject:
  m_ObjectHideFlags: 0
  m_CorrespondingSourceObject: {fileID: 0}
  m_PrefabInstance: {fileID: 0}
  m_PrefabAsset: {fileID: 0}
  serializedVersion: 6
  m_Component:
  - component: {fileID: 8090010139166090667}
  m_Layer: 0
  m_Name: mixamorig:LeftArm
  m_TagString: Untagged
  m_Icon: {fileID: 0}
  m_NavMeshLayer: 0
  m_StaticEditorFlags: 0
  m_IsActive: 1
--- !u!4 &8090010139166090667
Transform:
  m_ObjectHideFlags: 0
  m_CorrespondingSourceObject: {fileID: 0}
  m_PrefabInstance: {fileID: 0}
  m_PrefabAsset: {fileID: 0}
  m_GameObject: {fileID: 8090010139165866379}
  m_LocalRotation: {x: -0.10151464, y: -0.0021837912, z: -0.013006245, w: 0.9947466}
  m_LocalPosition: {x: 6.4522256e-11, y: 0.14894778, z: -4.620679e-10}
  m_LocalScale: {x: 1, y: 1, z: 1}
  m_Children:
  - {fileID: 8090010139166090671}
  m_Father: {fileID: 8090010139166090653}
  m_RootOrder: 0
  m_LocalEulerAnglesHint: {x: 55.561066, y: 16.189157, z: 27.587933}
--- !u!1 &8090010139165866381
GameObject:
  m_ObjectHideFlags: 0
  m_CorrespondingSourceObject: {fileID: 0}
  m_PrefabInstance: {fileID: 0}
  m_PrefabAsset: {fileID: 0}
  serializedVersion: 6
  m_Component:
  - component: {fileID: 8090010139166090669}
  m_Layer: 0
  m_Name: mixamorig:LeftFoot
  m_TagString: Untagged
  m_Icon: {fileID: 0}
  m_NavMeshLayer: 0
  m_StaticEditorFlags: 0
  m_IsActive: 1
--- !u!4 &8090010139166090669
Transform:
  m_ObjectHideFlags: 0
  m_CorrespondingSourceObject: {fileID: 0}
  m_PrefabInstance: {fileID: 0}
  m_PrefabAsset: {fileID: 0}
  m_GameObject: {fileID: 8090010139165866381}
  m_LocalRotation: {x: 0.51987284, y: 0.008918471, z: -0.003923162, w: 0.8541881}
  m_LocalPosition: {x: -0.0000000025586517, y: 0.4561088, z: -4.244521e-10}
  m_LocalScale: {x: 1, y: 1, z: 1}
  m_Children:
  - {fileID: 8090010139166090721}
  m_Father: {fileID: 8090010139166090651}
  m_RootOrder: 0
  m_LocalEulerAnglesHint: {x: 46.8307, y: 16.970448, z: 20.40968}
--- !u!1 &8090010139165866383
GameObject:
  m_ObjectHideFlags: 0
  m_CorrespondingSourceObject: {fileID: 0}
  m_PrefabInstance: {fileID: 0}
  m_PrefabAsset: {fileID: 0}
  serializedVersion: 6
  m_Component:
  - component: {fileID: 8090010139166090671}
  m_Layer: 0
  m_Name: mixamorig:LeftForeArm
  m_TagString: Untagged
  m_Icon: {fileID: 0}
  m_NavMeshLayer: 0
  m_StaticEditorFlags: 0
  m_IsActive: 1
--- !u!4 &8090010139166090671
Transform:
  m_ObjectHideFlags: 0
  m_CorrespondingSourceObject: {fileID: 0}
  m_PrefabInstance: {fileID: 0}
  m_PrefabAsset: {fileID: 0}
  m_GameObject: {fileID: 8090010139165866383}
  m_LocalRotation: {x: -0.00000030346555, y: 0.0014182952, z: -0.00000014124271, w: 0.999999}
  m_LocalPosition: {x: -7.056848e-10, y: 0.33510295, z: 1.8861471e-10}
  m_LocalScale: {x: 1, y: 1, z: 1}
  m_Children:
  - {fileID: 8090010139166090673}
  m_Father: {fileID: 8090010139166090667}
  m_RootOrder: 0
  m_LocalEulerAnglesHint: {x: 5.562001, y: -3.1548893, z: -61.60148}
--- !u!1 &8090010139165866385
GameObject:
  m_ObjectHideFlags: 0
  m_CorrespondingSourceObject: {fileID: 0}
  m_PrefabInstance: {fileID: 0}
  m_PrefabAsset: {fileID: 0}
  serializedVersion: 6
  m_Component:
  - component: {fileID: 8090010139166090673}
  m_Layer: 0
  m_Name: mixamorig:LeftHand
  m_TagString: Untagged
  m_Icon: {fileID: 0}
  m_NavMeshLayer: 0
  m_StaticEditorFlags: 0
  m_IsActive: 1
--- !u!4 &8090010139166090673
Transform:
  m_ObjectHideFlags: 0
  m_CorrespondingSourceObject: {fileID: 0}
  m_PrefabInstance: {fileID: 0}
  m_PrefabAsset: {fileID: 0}
  m_GameObject: {fileID: 8090010139165866385}
  m_LocalRotation: {x: 0.011708087, y: -0.076562375, z: 0.047722995, w: 0.99585325}
  m_LocalPosition: {x: 9.332853e-10, y: 0.3000185, z: 9.840392e-11}
  m_LocalScale: {x: 1, y: 1, z: 1}
  m_Children:
  - {fileID: 8090010139166090675}
  - {fileID: 8090010139166090683}
  - {fileID: 8090010139166090627}
  - {fileID: 8090010139166090635}
  - {fileID: 8090010139166090643}
  m_Father: {fileID: 8090010139166090671}
  m_RootOrder: 0
  m_LocalEulerAnglesHint: {x: -9.1791935, y: -20.72272, z: -13.369173}
--- !u!1 &8090010139165866387
GameObject:
  m_ObjectHideFlags: 0
  m_CorrespondingSourceObject: {fileID: 0}
  m_PrefabInstance: {fileID: 0}
  m_PrefabAsset: {fileID: 0}
  serializedVersion: 6
  m_Component:
  - component: {fileID: 8090010139166090675}
  m_Layer: 0
  m_Name: mixamorig:LeftHandIndex1
  m_TagString: Untagged
  m_Icon: {fileID: 0}
  m_NavMeshLayer: 0
  m_StaticEditorFlags: 0
  m_IsActive: 1
--- !u!4 &8090010139166090675
Transform:
  m_ObjectHideFlags: 0
  m_CorrespondingSourceObject: {fileID: 0}
  m_PrefabInstance: {fileID: 0}
  m_PrefabAsset: {fileID: 0}
  m_GameObject: {fileID: 8090010139165866387}
  m_LocalRotation: {x: -0.015320004, y: 0.0002427894, z: -0.048948098, w: 0.9986838}
  m_LocalPosition: {x: 0.038334478, y: 0.12169075, z: 0.00017298925}
  m_LocalScale: {x: 1, y: 1, z: 1}
  m_Children:
  - {fileID: 8090010139166090677}
  m_Father: {fileID: 8090010139166090673}
  m_RootOrder: 0
  m_LocalEulerAnglesHint: {x: -11.13119, y: -1.6390185, z: -2.9617536}
--- !u!1 &8090010139165866389
GameObject:
  m_ObjectHideFlags: 0
  m_CorrespondingSourceObject: {fileID: 0}
  m_PrefabInstance: {fileID: 0}
  m_PrefabAsset: {fileID: 0}
  serializedVersion: 6
  m_Component:
  - component: {fileID: 8090010139166090677}
  m_Layer: 0
  m_Name: mixamorig:LeftHandIndex2
  m_TagString: Untagged
  m_Icon: {fileID: 0}
  m_NavMeshLayer: 0
  m_StaticEditorFlags: 0
  m_IsActive: 1
--- !u!4 &8090010139166090677
Transform:
  m_ObjectHideFlags: 0
  m_CorrespondingSourceObject: {fileID: 0}
  m_PrefabInstance: {fileID: 0}
  m_PrefabAsset: {fileID: 0}
  m_GameObject: {fileID: 8090010139165866389}
  m_LocalRotation: {x: -0.0000002735009, y: 0.000050830262, z: 0.0014418135, w: 0.999999}
  m_LocalPosition: {x: -0.00017371781, y: 0.03846868, z: 1.5058986e-10}
  m_LocalScale: {x: 1, y: 1, z: 1}
  m_Children:
  - {fileID: 8090010139166090679}
  m_Father: {fileID: 8090010139166090675}
  m_RootOrder: 0
  m_LocalEulerAnglesHint: {x: 16.862564, y: 0.4550261, z: 2.0122895}
--- !u!1 &8090010139165866391
GameObject:
  m_ObjectHideFlags: 0
  m_CorrespondingSourceObject: {fileID: 0}
  m_PrefabInstance: {fileID: 0}
  m_PrefabAsset: {fileID: 0}
  serializedVersion: 6
  m_Component:
  - component: {fileID: 8090010139166090679}
  m_Layer: 0
  m_Name: mixamorig:LeftHandIndex3
  m_TagString: Untagged
  m_Icon: {fileID: 0}
  m_NavMeshLayer: 0
  m_StaticEditorFlags: 0
  m_IsActive: 1
--- !u!4 &8090010139166090679
Transform:
  m_ObjectHideFlags: 0
  m_CorrespondingSourceObject: {fileID: 0}
  m_PrefabInstance: {fileID: 0}
  m_PrefabAsset: {fileID: 0}
  m_GameObject: {fileID: 8090010139165866391}
  m_LocalRotation: {x: -0.0000007421974, y: -0.00013055821, z: 0.0042295, w: 0.99999106}
  m_LocalPosition: {x: -0.000059745333, y: 0.036603488, z: 3.2242184e-10}
  m_LocalScale: {x: 1, y: 1, z: 1}
  m_Children:
  - {fileID: 8090010139166090681}
  m_Father: {fileID: 8090010139166090677}
  m_RootOrder: 0
  m_LocalEulerAnglesHint: {x: 3.8294966, y: 0.018000882, z: 0.49706298}
--- !u!1 &8090010139165866393
GameObject:
  m_ObjectHideFlags: 0
  m_CorrespondingSourceObject: {fileID: 0}
  m_PrefabInstance: {fileID: 0}
  m_PrefabAsset: {fileID: 0}
  serializedVersion: 6
  m_Component:
  - component: {fileID: 8090010139166090681}
  m_Layer: 0
  m_Name: mixamorig:LeftHandIndex4
  m_TagString: Untagged
  m_Icon: {fileID: 0}
  m_NavMeshLayer: 0
  m_StaticEditorFlags: 0
  m_IsActive: 1
--- !u!4 &8090010139166090681
Transform:
  m_ObjectHideFlags: 0
  m_CorrespondingSourceObject: {fileID: 0}
  m_PrefabInstance: {fileID: 0}
  m_PrefabAsset: {fileID: 0}
  m_GameObject: {fileID: 8090010139165866393}
  m_LocalRotation: {x: 0, y: -0, z: -0, w: 1}
  m_LocalPosition: {x: 0.00023346303, y: 0.034164526, z: -6.194577e-10}
  m_LocalScale: {x: 1, y: 1, z: 1}
  m_Children: []
  m_Father: {fileID: 8090010139166090679}
  m_RootOrder: 0
  m_LocalEulerAnglesHint: {x: 0, y: 0, z: 0}
--- !u!1 &8090010139165866395
GameObject:
  m_ObjectHideFlags: 0
  m_CorrespondingSourceObject: {fileID: 0}
  m_PrefabInstance: {fileID: 0}
  m_PrefabAsset: {fileID: 0}
  serializedVersion: 6
  m_Component:
  - component: {fileID: 8090010139166090683}
  m_Layer: 0
  m_Name: mixamorig:LeftHandMiddle1
  m_TagString: Untagged
  m_Icon: {fileID: 0}
  m_NavMeshLayer: 0
  m_StaticEditorFlags: 0
  m_IsActive: 1
--- !u!4 &8090010139166090683
Transform:
  m_ObjectHideFlags: 0
  m_CorrespondingSourceObject: {fileID: 0}
  m_PrefabInstance: {fileID: 0}
  m_PrefabAsset: {fileID: 0}
  m_GameObject: {fileID: 8090010139165866395}
  m_LocalRotation: {x: -0.01525946, y: 0.0016038786, z: -0.049542602, w: 0.9986542}
  m_LocalPosition: {x: 0.011655652, y: 0.124383934, z: -0.0038278254}
  m_LocalScale: {x: 1, y: 1, z: 1}
  m_Children:
  - {fileID: 8090010139166090685}
  m_Father: {fileID: 8090010139166090673}
  m_RootOrder: 1
  m_LocalEulerAnglesHint: {x: 9.778136, y: 0.12623003, z: 0.07067605}
--- !u!1 &8090010139165866397
GameObject:
  m_ObjectHideFlags: 0
  m_CorrespondingSourceObject: {fileID: 0}
  m_PrefabInstance: {fileID: 0}
  m_PrefabAsset: {fileID: 0}
  serializedVersion: 6
  m_Component:
  - component: {fileID: 8090010139166090685}
  m_Layer: 0
  m_Name: mixamorig:LeftHandMiddle2
  m_TagString: Untagged
  m_Icon: {fileID: 0}
  m_NavMeshLayer: 0
  m_StaticEditorFlags: 0
  m_IsActive: 1
--- !u!4 &8090010139166090685
Transform:
  m_ObjectHideFlags: 0
  m_CorrespondingSourceObject: {fileID: 0}
  m_PrefabInstance: {fileID: 0}
  m_PrefabAsset: {fileID: 0}
  m_GameObject: {fileID: 8090010139165866397}
  m_LocalRotation: {x: -0.00000012932774, y: 0.000079514284, z: 0.0020600692, w: 0.9999979}
  m_LocalPosition: {x: -0.00024123657, y: 0.04248735, z: -0.0000000010040145}
  m_LocalScale: {x: 1, y: 1, z: 1}
  m_Children:
  - {fileID: 8090010139166090687}
  m_Father: {fileID: 8090010139166090683}
  m_RootOrder: 0
  m_LocalEulerAnglesHint: {x: 27.175005, y: 1.0466424, z: 2.9784632}
--- !u!1 &8090010139165866399
GameObject:
  m_ObjectHideFlags: 0
  m_CorrespondingSourceObject: {fileID: 0}
  m_PrefabInstance: {fileID: 0}
  m_PrefabAsset: {fileID: 0}
  serializedVersion: 6
  m_Component:
  - component: {fileID: 8090010139166090687}
  m_Layer: 0
  m_Name: mixamorig:LeftHandMiddle3
  m_TagString: Untagged
  m_Icon: {fileID: 0}
  m_NavMeshLayer: 0
  m_StaticEditorFlags: 0
  m_IsActive: 1
--- !u!4 &8090010139166090687
Transform:
  m_ObjectHideFlags: 0
  m_CorrespondingSourceObject: {fileID: 0}
  m_PrefabInstance: {fileID: 0}
  m_PrefabAsset: {fileID: 0}
  m_GameObject: {fileID: 8090010139165866399}
  m_LocalRotation: {x: -0.0000007378414, y: -0.00016349484, z: 0.0047675325, w: 0.9999886}
  m_LocalPosition: {x: -0.000062713145, y: 0.040592246, z: -3.1328481e-10}
  m_LocalScale: {x: 1, y: 1, z: 1}
  m_Children:
  - {fileID: 8090010139166090625}
  m_Father: {fileID: 8090010139166090685}
  m_RootOrder: 0
  m_LocalEulerAnglesHint: {x: 16.041988, y: 0.17225067, z: 1.8120997}
--- !u!1 &8090010139165866433
GameObject:
  m_ObjectHideFlags: 0
  m_CorrespondingSourceObject: {fileID: 0}
  m_PrefabInstance: {fileID: 0}
  m_PrefabAsset: {fileID: 0}
  serializedVersion: 6
  m_Component:
  - component: {fileID: 8090010139166090721}
  m_Layer: 0
  m_Name: mixamorig:LeftToeBase
  m_TagString: Untagged
  m_Icon: {fileID: 0}
  m_NavMeshLayer: 0
  m_StaticEditorFlags: 0
  m_IsActive: 1
--- !u!4 &8090010139166090721
Transform:
  m_ObjectHideFlags: 0
  m_CorrespondingSourceObject: {fileID: 0}
  m_PrefabInstance: {fileID: 0}
  m_PrefabAsset: {fileID: 0}
  m_GameObject: {fileID: 8090010139165866433}
  m_LocalRotation: {x: 0.25862104, y: -0.048513338, z: 0.013006038, w: 0.9646722}
  m_LocalPosition: {x: 4.0221082e-10, y: 0.21040617, z: -0.000000007095249}
  m_LocalScale: {x: 1, y: 1, z: 1}
  m_Children:
  - {fileID: 8090010139166090655}
  m_Father: {fileID: 8090010139166090669}
  m_RootOrder: 0
  m_LocalEulerAnglesHint: {x: 31.287552, y: -5.793536, z: -0.03903776}
--- !u!1 &8090010139165866435
GameObject:
  m_ObjectHideFlags: 0
  m_CorrespondingSourceObject: {fileID: 0}
  m_PrefabInstance: {fileID: 0}
  m_PrefabAsset: {fileID: 0}
  serializedVersion: 6
  m_Component:
  - component: {fileID: 8090010139166090723}
  m_Layer: 0
  m_Name: mixamorig:LeftUpLeg
  m_TagString: Untagged
  m_Icon: {fileID: 0}
  m_NavMeshLayer: 0
  m_StaticEditorFlags: 0
  m_IsActive: 1
--- !u!4 &8090010139166090723
Transform:
  m_ObjectHideFlags: 0
  m_CorrespondingSourceObject: {fileID: 0}
  m_PrefabInstance: {fileID: 0}
  m_PrefabAsset: {fileID: 0}
  m_GameObject: {fileID: 8090010139165866435}
  m_LocalRotation: {x: 0.00032616974, y: -0.01510349, z: 0.99939287, w: 0.03139587}
  m_LocalPosition: {x: -0.10163308, y: -0.07135437, z: 0.012738476}
  m_LocalScale: {x: 1, y: 1, z: 1}
  m_Children:
  - {fileID: 8090010139166090651}
  m_Father: {fileID: 8090010139166090665}
  m_RootOrder: 0
  m_LocalEulerAnglesHint: {x: -7.083501, y: -1.0256608, z: 171.19495}
--- !u!1 &8090010139165866437
GameObject:
  m_ObjectHideFlags: 0
  m_CorrespondingSourceObject: {fileID: 0}
  m_PrefabInstance: {fileID: 0}
  m_PrefabAsset: {fileID: 0}
  serializedVersion: 6
  m_Component:
  - component: {fileID: 8090010139166090725}
  m_Layer: 0
  m_Name: mixamorig:Neck
  m_TagString: Untagged
  m_Icon: {fileID: 0}
  m_NavMeshLayer: 0
  m_StaticEditorFlags: 0
  m_IsActive: 1
--- !u!4 &8090010139166090725
Transform:
  m_ObjectHideFlags: 0
  m_CorrespondingSourceObject: {fileID: 0}
  m_PrefabInstance: {fileID: 0}
  m_PrefabAsset: {fileID: 0}
  m_GameObject: {fileID: 8090010139165866437}
  m_LocalRotation: {x: 0.05432241, y: 3.0218476e-14, z: 2.2935392e-13, w: 0.9985235}
  m_LocalPosition: {x: -0, y: 0.19404945, z: -0.0000000017869416}
  m_LocalScale: {x: 1, y: 1, z: 1}
  m_Children:
  - {fileID: 8090010139166090661}
  m_Father: {fileID: 8090010139166090277}
  m_RootOrder: 1
  m_LocalEulerAnglesHint: {x: 1.8825507, y: 0.35058364, z: 1.9414072}
--- !u!1 &8090010139165866439
GameObject:
  m_ObjectHideFlags: 0
  m_CorrespondingSourceObject: {fileID: 0}
  m_PrefabInstance: {fileID: 0}
  m_PrefabAsset: {fileID: 0}
  serializedVersion: 6
  m_Component:
  - component: {fileID: 8090010139166090727}
  m_Layer: 0
  m_Name: mixamorig:RightArm
  m_TagString: Untagged
  m_Icon: {fileID: 0}
  m_NavMeshLayer: 0
  m_StaticEditorFlags: 0
  m_IsActive: 1
--- !u!4 &8090010139166090727
Transform:
  m_ObjectHideFlags: 0
  m_CorrespondingSourceObject: {fileID: 0}
  m_PrefabInstance: {fileID: 0}
  m_PrefabAsset: {fileID: 0}
  m_GameObject: {fileID: 8090010139165866439}
  m_LocalRotation: {x: -0.10192528, y: 0.002820069, z: 0.009233832, w: 0.99474525}
  m_LocalPosition: {x: -2.186198e-11, y: 0.14894778, z: -4.668263e-10}
  m_LocalScale: {x: 1, y: 1, z: 1}
  m_Children:
  - {fileID: 8090010139166090731}
  m_Father: {fileID: 8090010139166090713}
  m_RootOrder: 0
  m_LocalEulerAnglesHint: {x: 60.891605, y: -8.600494, z: -43.895767}
--- !u!1 &8090010139165866441
GameObject:
  m_ObjectHideFlags: 0
  m_CorrespondingSourceObject: {fileID: 0}
  m_PrefabInstance: {fileID: 0}
  m_PrefabAsset: {fileID: 0}
  serializedVersion: 6
  m_Component:
  - component: {fileID: 8090010139166090729}
  m_Layer: 0
  m_Name: mixamorig:RightFoot
  m_TagString: Untagged
  m_Icon: {fileID: 0}
  m_NavMeshLayer: 0
  m_StaticEditorFlags: 0
  m_IsActive: 1
--- !u!4 &8090010139166090729
Transform:
  m_ObjectHideFlags: 0
  m_CorrespondingSourceObject: {fileID: 0}
  m_PrefabInstance: {fileID: 0}
  m_PrefabAsset: {fileID: 0}
  m_GameObject: {fileID: 8090010139165866441}
  m_LocalRotation: {x: 0.52404344, y: -0.010584389, z: 0.0050016963, w: 0.85161114}
  m_LocalPosition: {x: 0.0000000015610545, y: 0.45832485, z: -0.0000000012295869}
  m_LocalScale: {x: 1, y: 1, z: 1}
  m_Children:
  - {fileID: 8090010139166090717}
  m_Father: {fileID: 8090010139166090711}
  m_RootOrder: 0
  m_LocalEulerAnglesHint: {x: 67.51575, y: 0.8031806, z: 8.343737}
--- !u!1 &8090010139165866443
GameObject:
  m_ObjectHideFlags: 0
  m_CorrespondingSourceObject: {fileID: 0}
  m_PrefabInstance: {fileID: 0}
  m_PrefabAsset: {fileID: 0}
  serializedVersion: 6
  m_Component:
  - component: {fileID: 8090010139166090731}
  m_Layer: 0
  m_Name: mixamorig:RightForeArm
  m_TagString: Untagged
  m_Icon: {fileID: 0}
  m_NavMeshLayer: 0
  m_StaticEditorFlags: 0
  m_IsActive: 1
--- !u!4 &8090010139166090731
Transform:
  m_ObjectHideFlags: 0
  m_CorrespondingSourceObject: {fileID: 0}
  m_PrefabInstance: {fileID: 0}
  m_PrefabAsset: {fileID: 0}
  m_GameObject: {fileID: 8090010139165866443}
  m_LocalRotation: {x: 0.00000012913121, y: -0.0014190617, z: -0.000000017677568,
    w: 0.999999}
  m_LocalPosition: {x: -4.7102333e-10, y: 0.3351404, z: 7.861871e-11}
  m_LocalScale: {x: 1, y: 1, z: 1}
  m_Children:
  - {fileID: 8090010139166090733}
  m_Father: {fileID: 8090010139166090727}
  m_RootOrder: 0
  m_LocalEulerAnglesHint: {x: 2.93471, y: 0.5739529, z: 28.173227}
--- !u!1 &8090010139165866445
GameObject:
  m_ObjectHideFlags: 0
  m_CorrespondingSourceObject: {fileID: 0}
  m_PrefabInstance: {fileID: 0}
  m_PrefabAsset: {fileID: 0}
  serializedVersion: 6
  m_Component:
  - component: {fileID: 8090010139166090733}
  m_Layer: 0
  m_Name: mixamorig:RightHand
  m_TagString: Untagged
  m_Icon: {fileID: 0}
  m_NavMeshLayer: 0
  m_StaticEditorFlags: 0
  m_IsActive: 1
--- !u!4 &8090010139166090733
Transform:
  m_ObjectHideFlags: 0
  m_CorrespondingSourceObject: {fileID: 0}
  m_PrefabInstance: {fileID: 0}
  m_PrefabAsset: {fileID: 0}
  m_GameObject: {fileID: 8090010139165866445}
  m_LocalRotation: {x: 0.004712263, y: 0.06432618, z: -0.045654863, w: 0.9968729}
  m_LocalPosition: {x: 7.4911766e-10, y: 0.29994848, z: -7.698389e-11}
  m_LocalScale: {x: 1, y: 1, z: 1}
  m_Children:
  - {fileID: 8090010139166090735}
  - {fileID: 8090010139166090743}
  - {fileID: 8090010139166090751}
  - {fileID: 8090010139166090695}
  - {fileID: 8090010139166090703}
  m_Father: {fileID: 8090010139166090731}
  m_RootOrder: 0
  m_LocalEulerAnglesHint: {x: 13.437091, y: 33.65312, z: -6.579059}
--- !u!1 &8090010139165866447
GameObject:
  m_ObjectHideFlags: 0
  m_CorrespondingSourceObject: {fileID: 0}
  m_PrefabInstance: {fileID: 0}
  m_PrefabAsset: {fileID: 0}
  serializedVersion: 6
  m_Component:
  - component: {fileID: 8090010139166090735}
  m_Layer: 0
  m_Name: mixamorig:RightHandIndex1
  m_TagString: Untagged
  m_Icon: {fileID: 0}
  m_NavMeshLayer: 0
  m_StaticEditorFlags: 0
  m_IsActive: 1
--- !u!4 &8090010139166090735
Transform:
  m_ObjectHideFlags: 0
  m_CorrespondingSourceObject: {fileID: 0}
  m_PrefabInstance: {fileID: 0}
  m_PrefabAsset: {fileID: 0}
  m_GameObject: {fileID: 8090010139165866447}
  m_LocalRotation: {x: -0.0076429686, y: -0.000009357369, z: 0.042899556, w: 0.9990502}
  m_LocalPosition: {x: -0.037390213, y: 0.12021413, z: 0.00090238807}
  m_LocalScale: {x: 1, y: 1, z: 1}
  m_Children:
  - {fileID: 8090010139166090737}
  m_Father: {fileID: 8090010139166090733}
  m_RootOrder: 0
  m_LocalEulerAnglesHint: {x: 4.124803, y: 0.28971598, z: 6.432974}
--- !u!1 &8090010139165866449
GameObject:
  m_ObjectHideFlags: 0
  m_CorrespondingSourceObject: {fileID: 0}
  m_PrefabInstance: {fileID: 0}
  m_PrefabAsset: {fileID: 0}
  serializedVersion: 6
  m_Component:
  - component: {fileID: 8090010139166090737}
  m_Layer: 0
  m_Name: mixamorig:RightHandIndex2
  m_TagString: Untagged
  m_Icon: {fileID: 0}
  m_NavMeshLayer: 0
  m_StaticEditorFlags: 0
  m_IsActive: 1
--- !u!4 &8090010139166090737
Transform:
  m_ObjectHideFlags: 0
  m_CorrespondingSourceObject: {fileID: 0}
  m_PrefabInstance: {fileID: 0}
  m_PrefabAsset: {fileID: 0}
  m_GameObject: {fileID: 8090010139165866449}
  m_LocalRotation: {x: -0.0000000791862, y: -0.000036854246, z: 0.0032004751, w: 0.9999949}
  m_LocalPosition: {x: -0.0001829998, y: 0.03876999, z: 0.0000000020480155}
  m_LocalScale: {x: 1, y: 1, z: 1}
  m_Children:
  - {fileID: 8090010139166090739}
  m_Father: {fileID: 8090010139166090735}
  m_RootOrder: 0
  m_LocalEulerAnglesHint: {x: 27.182625, y: -0.823736, z: -2.8488288}
--- !u!1 &8090010139165866451
GameObject:
  m_ObjectHideFlags: 0
  m_CorrespondingSourceObject: {fileID: 0}
  m_PrefabInstance: {fileID: 0}
  m_PrefabAsset: {fileID: 0}
  serializedVersion: 6
  m_Component:
  - component: {fileID: 8090010139166090739}
  m_Layer: 0
  m_Name: mixamorig:RightHandIndex3
  m_TagString: Untagged
  m_Icon: {fileID: 0}
  m_NavMeshLayer: 0
  m_StaticEditorFlags: 0
  m_IsActive: 1
--- !u!4 &8090010139166090739
Transform:
  m_ObjectHideFlags: 0
  m_CorrespondingSourceObject: {fileID: 0}
  m_PrefabInstance: {fileID: 0}
  m_PrefabAsset: {fileID: 0}
  m_GameObject: {fileID: 8090010139165866451}
  m_LocalRotation: {x: -0.00000018677262, y: 0.000024568846, z: 0.0009595188, w: 0.9999996}
  m_LocalPosition: {x: 0.00006218024, y: 0.036887195, z: 1.8538288e-10}
  m_LocalScale: {x: 1, y: 1, z: 1}
  m_Children:
  - {fileID: 8090010139166090741}
  m_Father: {fileID: 8090010139166090737}
  m_RootOrder: 0
  m_LocalEulerAnglesHint: {x: 17.851534, y: -0.33550936, z: -0.17800817}
--- !u!1 &8090010139165866453
GameObject:
  m_ObjectHideFlags: 0
  m_CorrespondingSourceObject: {fileID: 0}
  m_PrefabInstance: {fileID: 0}
  m_PrefabAsset: {fileID: 0}
  serializedVersion: 6
  m_Component:
  - component: {fileID: 8090010139166090741}
  m_Layer: 0
  m_Name: mixamorig:RightHandIndex4
  m_TagString: Untagged
  m_Icon: {fileID: 0}
  m_NavMeshLayer: 0
  m_StaticEditorFlags: 0
  m_IsActive: 1
--- !u!4 &8090010139166090741
Transform:
  m_ObjectHideFlags: 0
  m_CorrespondingSourceObject: {fileID: 0}
  m_PrefabInstance: {fileID: 0}
  m_PrefabAsset: {fileID: 0}
  m_GameObject: {fileID: 8090010139165866453}
  m_LocalRotation: {x: 0, y: -0, z: -0, w: 1}
  m_LocalPosition: {x: 0.000120819815, y: 0.03361298, z: -8.374269e-10}
  m_LocalScale: {x: 1, y: 1, z: 1}
  m_Children: []
  m_Father: {fileID: 8090010139166090739}
  m_RootOrder: 0
  m_LocalEulerAnglesHint: {x: 0, y: 0, z: 0}
--- !u!1 &8090010139165866455
GameObject:
  m_ObjectHideFlags: 0
  m_CorrespondingSourceObject: {fileID: 0}
  m_PrefabInstance: {fileID: 0}
  m_PrefabAsset: {fileID: 0}
  serializedVersion: 6
  m_Component:
  - component: {fileID: 8090010139166090743}
  m_Layer: 0
  m_Name: mixamorig:RightHandMiddle1
  m_TagString: Untagged
  m_Icon: {fileID: 0}
  m_NavMeshLayer: 0
  m_StaticEditorFlags: 0
  m_IsActive: 1
--- !u!4 &8090010139166090743
Transform:
  m_ObjectHideFlags: 0
  m_CorrespondingSourceObject: {fileID: 0}
  m_PrefabInstance: {fileID: 0}
  m_PrefabAsset: {fileID: 0}
  m_GameObject: {fileID: 8090010139165866455}
  m_LocalRotation: {x: -0.0076194983, y: -0.00050552946, z: 0.04569996, w: 0.99892604}
  m_LocalPosition: {x: -0.011494324, y: 0.12658356, z: -0.0019412882}
  m_LocalScale: {x: 1, y: 1, z: 1}
  m_Children:
  - {fileID: 8090010139166090745}
  m_Father: {fileID: 8090010139166090733}
  m_RootOrder: 1
  m_LocalEulerAnglesHint: {x: 15.872885, y: -0.16511056, z: -1.9155612}
--- !u!1 &8090010139165866457
GameObject:
  m_ObjectHideFlags: 0
  m_CorrespondingSourceObject: {fileID: 0}
  m_PrefabInstance: {fileID: 0}
  m_PrefabAsset: {fileID: 0}
  serializedVersion: 6
  m_Component:
  - component: {fileID: 8090010139166090745}
  m_Layer: 0
  m_Name: mixamorig:RightHandMiddle2
  m_TagString: Untagged
  m_Icon: {fileID: 0}
  m_NavMeshLayer: 0
  m_StaticEditorFlags: 0
  m_IsActive: 1
--- !u!4 &8090010139166090745
Transform:
  m_ObjectHideFlags: 0
  m_CorrespondingSourceObject: {fileID: 0}
  m_PrefabInstance: {fileID: 0}
  m_PrefabAsset: {fileID: 0}
  m_GameObject: {fileID: 8090010139165866457}
  m_LocalRotation: {x: 0.00000030405073, y: 0.00010901863, z: 0.0029120056, w: 0.99999577}
  m_LocalPosition: {x: 0.0000383349, y: 0.043203916, z: -6.797333e-10}
  m_LocalScale: {x: 1, y: 1, z: 1}
  m_Children:
  - {fileID: 8090010139166090747}
  m_Father: {fileID: 8090010139166090743}
  m_RootOrder: 0
  m_LocalEulerAnglesHint: {x: 38.08288, y: -1.9647471, z: -4.347379}
--- !u!1 &8090010139165866459
GameObject:
  m_ObjectHideFlags: 0
  m_CorrespondingSourceObject: {fileID: 0}
  m_PrefabInstance: {fileID: 0}
  m_PrefabAsset: {fileID: 0}
  serializedVersion: 6
  m_Component:
  - component: {fileID: 8090010139166090747}
  m_Layer: 0
  m_Name: mixamorig:RightHandMiddle3
  m_TagString: Untagged
  m_Icon: {fileID: 0}
  m_NavMeshLayer: 0
  m_StaticEditorFlags: 0
  m_IsActive: 1
--- !u!4 &8090010139166090747
Transform:
  m_ObjectHideFlags: 0
  m_CorrespondingSourceObject: {fileID: 0}
  m_PrefabInstance: {fileID: 0}
  m_PrefabAsset: {fileID: 0}
  m_GameObject: {fileID: 8090010139165866459}
  m_LocalRotation: {x: -0.00000041598545, y: 0.000059781203, z: -0.0075055687, w: 0.99997187}
  m_LocalPosition: {x: 0.0002627459, y: 0.03923167, z: -3.4241793e-10}
  m_LocalScale: {x: 1, y: 1, z: 1}
  m_Children:
  - {fileID: 8090010139166090749}
  m_Father: {fileID: 8090010139166090745}
  m_RootOrder: 0
  m_LocalEulerAnglesHint: {x: 31.174706, y: -1.0707579, z: -3.8332508}
--- !u!1 &8090010139165866461
GameObject:
  m_ObjectHideFlags: 0
  m_CorrespondingSourceObject: {fileID: 0}
  m_PrefabInstance: {fileID: 0}
  m_PrefabAsset: {fileID: 0}
  serializedVersion: 6
  m_Component:
  - component: {fileID: 8090010139166090749}
  m_Layer: 0
  m_Name: mixamorig:RightHandMiddle4
  m_TagString: Untagged
  m_Icon: {fileID: 0}
  m_NavMeshLayer: 0
  m_StaticEditorFlags: 0
  m_IsActive: 1
--- !u!4 &8090010139166090749
Transform:
  m_ObjectHideFlags: 0
  m_CorrespondingSourceObject: {fileID: 0}
  m_PrefabInstance: {fileID: 0}
  m_PrefabAsset: {fileID: 0}
  m_GameObject: {fileID: 8090010139165866461}
  m_LocalRotation: {x: 0, y: -0, z: -0, w: 1}
  m_LocalPosition: {x: -0.00030108093, y: 0.036230527, z: -3.3692174e-10}
  m_LocalScale: {x: 1, y: 1, z: 1}
  m_Children: []
  m_Father: {fileID: 8090010139166090747}
  m_RootOrder: 0
  m_LocalEulerAnglesHint: {x: 0, y: 0, z: 0}
--- !u!1 &8090010139165866463
GameObject:
  m_ObjectHideFlags: 0
  m_CorrespondingSourceObject: {fileID: 0}
  m_PrefabInstance: {fileID: 0}
  m_PrefabAsset: {fileID: 0}
  serializedVersion: 6
  m_Component:
  - component: {fileID: 8090010139166090751}
  m_Layer: 0
  m_Name: mixamorig:RightHandPinky1
  m_TagString: Untagged
  m_Icon: {fileID: 0}
  m_NavMeshLayer: 0
  m_StaticEditorFlags: 0
  m_IsActive: 1
--- !u!4 &8090010139166090751
Transform:
  m_ObjectHideFlags: 0
  m_CorrespondingSourceObject: {fileID: 0}
  m_PrefabInstance: {fileID: 0}
  m_PrefabAsset: {fileID: 0}
  m_GameObject: {fileID: 8090010139165866463}
  m_LocalRotation: {x: -0.0076673403, y: 0.0005459979, z: 0.045160174, w: 0.99895024}
  m_LocalPosition: {x: 0.03549664, y: 0.11228122, z: 0.0027471634}
  m_LocalScale: {x: 1, y: 1, z: 1}
  m_Children:
  - {fileID: 8090010139166090689}
  m_Father: {fileID: 8090010139166090733}
  m_RootOrder: 2
  m_LocalEulerAnglesHint: {x: 40.442425, y: -1.7938594, z: -6.4618306}
--- !u!1 &8090010139165866465
GameObject:
  m_ObjectHideFlags: 0
  m_CorrespondingSourceObject: {fileID: 0}
  m_PrefabInstance: {fileID: 0}
  m_PrefabAsset: {fileID: 0}
  serializedVersion: 6
  m_Component:
  - component: {fileID: 8090010139166090625}
  m_Layer: 0
  m_Name: mixamorig:LeftHandMiddle4
  m_TagString: Untagged
  m_Icon: {fileID: 0}
  m_NavMeshLayer: 0
  m_StaticEditorFlags: 0
  m_IsActive: 1
--- !u!4 &8090010139166090625
Transform:
  m_ObjectHideFlags: 0
  m_CorrespondingSourceObject: {fileID: 0}
  m_PrefabInstance: {fileID: 0}
  m_PrefabAsset: {fileID: 0}
  m_GameObject: {fileID: 8090010139165866465}
  m_LocalRotation: {x: 0, y: -0, z: -0, w: 1}
  m_LocalPosition: {x: 0.00030395028, y: 0.038080253, z: -6.707765e-10}
  m_LocalScale: {x: 1, y: 1, z: 1}
  m_Children: []
  m_Father: {fileID: 8090010139166090687}
  m_RootOrder: 0
  m_LocalEulerAnglesHint: {x: 0, y: 0, z: 0}
--- !u!1 &8090010139165866467
GameObject:
  m_ObjectHideFlags: 0
  m_CorrespondingSourceObject: {fileID: 0}
  m_PrefabInstance: {fileID: 0}
  m_PrefabAsset: {fileID: 0}
  serializedVersion: 6
  m_Component:
  - component: {fileID: 8090010139166090627}
  m_Layer: 0
  m_Name: mixamorig:LeftHandPinky1
  m_TagString: Untagged
  m_Icon: {fileID: 0}
  m_NavMeshLayer: 0
  m_StaticEditorFlags: 0
  m_IsActive: 1
--- !u!4 &8090010139166090627
Transform:
  m_ObjectHideFlags: 0
  m_CorrespondingSourceObject: {fileID: 0}
  m_PrefabInstance: {fileID: 0}
  m_PrefabAsset: {fileID: 0}
  m_GameObject: {fileID: 8090010139165866467}
  m_LocalRotation: {x: -0.015492516, y: -0.0033401854, z: -0.0455573, w: 0.998836}
  m_LocalPosition: {x: -0.0372885, y: 0.11435229, z: 0.0034257444}
  m_LocalScale: {x: 1, y: 1, z: 1}
  m_Children:
  - {fileID: 8090010139166090629}
  m_Father: {fileID: 8090010139166090673}
  m_RootOrder: 2
  m_LocalEulerAnglesHint: {x: 26.7706, y: 0.51682943, z: 5.8869977}
--- !u!1 &8090010139165866469
GameObject:
  m_ObjectHideFlags: 0
  m_CorrespondingSourceObject: {fileID: 0}
  m_PrefabInstance: {fileID: 0}
  m_PrefabAsset: {fileID: 0}
  serializedVersion: 6
  m_Component:
  - component: {fileID: 8090010139166090629}
  m_Layer: 0
  m_Name: mixamorig:LeftHandPinky2
  m_TagString: Untagged
  m_Icon: {fileID: 0}
  m_NavMeshLayer: 0
  m_StaticEditorFlags: 0
  m_IsActive: 1
--- !u!4 &8090010139166090629
Transform:
  m_ObjectHideFlags: 0
  m_CorrespondingSourceObject: {fileID: 0}
  m_PrefabInstance: {fileID: 0}
  m_PrefabAsset: {fileID: 0}
  m_GameObject: {fileID: 8090010139165866469}
  m_LocalRotation: {x: 0.0000005131155, y: 0.0000088270135, z: -0.0004814572, w: 0.9999999}
  m_LocalPosition: {x: 0.00007787925, y: 0.036215182, z: 3.2184316e-10}
  m_LocalScale: {x: 1, y: 1, z: 1}
  m_Children:
  - {fileID: 8090010139166090631}
  m_Father: {fileID: 8090010139166090627}
  m_RootOrder: 0
  m_LocalEulerAnglesHint: {x: 29.366753, y: 0.5314661, z: 1.4145337}
--- !u!1 &8090010139165866471
GameObject:
  m_ObjectHideFlags: 0
  m_CorrespondingSourceObject: {fileID: 0}
  m_PrefabInstance: {fileID: 0}
  m_PrefabAsset: {fileID: 0}
  serializedVersion: 6
  m_Component:
  - component: {fileID: 8090010139166090631}
  m_Layer: 0
  m_Name: mixamorig:LeftHandPinky3
  m_TagString: Untagged
  m_Icon: {fileID: 0}
  m_NavMeshLayer: 0
  m_StaticEditorFlags: 0
  m_IsActive: 1
--- !u!4 &8090010139166090631
Transform:
  m_ObjectHideFlags: 0
  m_CorrespondingSourceObject: {fileID: 0}
  m_PrefabInstance: {fileID: 0}
  m_PrefabAsset: {fileID: 0}
  m_GameObject: {fileID: 8090010139165866471}
  m_LocalRotation: {x: 0.00000024904995, y: -0.000039765157, z: -0.002645018, w: 0.99999654}
  m_LocalPosition: {x: 0.00003662482, y: 0.03106979, z: 1.2918831e-10}
  m_LocalScale: {x: 1, y: 1, z: 1}
  m_Children:
  - {fileID: 8090010139166090633}
  m_Father: {fileID: 8090010139166090629}
  m_RootOrder: 0
  m_LocalEulerAnglesHint: {x: 6.9766884, y: 0.076205134, z: 0.9077167}
--- !u!1 &8090010139165866473
GameObject:
  m_ObjectHideFlags: 0
  m_CorrespondingSourceObject: {fileID: 0}
  m_PrefabInstance: {fileID: 0}
  m_PrefabAsset: {fileID: 0}
  serializedVersion: 6
  m_Component:
  - component: {fileID: 8090010139166090633}
  m_Layer: 0
  m_Name: mixamorig:LeftHandPinky4
  m_TagString: Untagged
  m_Icon: {fileID: 0}
  m_NavMeshLayer: 0
  m_StaticEditorFlags: 0
  m_IsActive: 1
--- !u!4 &8090010139166090633
Transform:
  m_ObjectHideFlags: 0
  m_CorrespondingSourceObject: {fileID: 0}
  m_PrefabInstance: {fileID: 0}
  m_PrefabAsset: {fileID: 0}
  m_GameObject: {fileID: 8090010139165866473}
  m_LocalRotation: {x: 0, y: -0, z: -0, w: 1}
  m_LocalPosition: {x: -0.00011450616, y: 0.028055763, z: 0.0000000010175566}
  m_LocalScale: {x: 1, y: 1, z: 1}
  m_Children: []
  m_Father: {fileID: 8090010139166090631}
  m_RootOrder: 0
  m_LocalEulerAnglesHint: {x: 0, y: 0, z: 0}
--- !u!1 &8090010139165866475
GameObject:
  m_ObjectHideFlags: 0
  m_CorrespondingSourceObject: {fileID: 0}
  m_PrefabInstance: {fileID: 0}
  m_PrefabAsset: {fileID: 0}
  serializedVersion: 6
  m_Component:
  - component: {fileID: 8090010139166090635}
  m_Layer: 0
  m_Name: mixamorig:LeftHandRing1
  m_TagString: Untagged
  m_Icon: {fileID: 0}
  m_NavMeshLayer: 0
  m_StaticEditorFlags: 0
  m_IsActive: 1
--- !u!4 &8090010139166090635
Transform:
  m_ObjectHideFlags: 0
  m_CorrespondingSourceObject: {fileID: 0}
  m_PrefabInstance: {fileID: 0}
  m_PrefabAsset: {fileID: 0}
  m_GameObject: {fileID: 8090010139165866475}
  m_LocalRotation: {x: -0.015344982, y: -0.00028475936, z: -0.046706688, w: 0.99879074}
  m_LocalPosition: {x: -0.012701627, y: 0.12783223, z: -0.0024701976}
  m_LocalScale: {x: 1, y: 1, z: 1}
  m_Children:
  - {fileID: 8090010139166090637}
  m_Father: {fileID: 8090010139166090673}
  m_RootOrder: 3
  m_LocalEulerAnglesHint: {x: 27.520947, y: 0.21861228, z: 1.0928098}
--- !u!1 &8090010139165866477
GameObject:
  m_ObjectHideFlags: 0
  m_CorrespondingSourceObject: {fileID: 0}
  m_PrefabInstance: {fileID: 0}
  m_PrefabAsset: {fileID: 0}
  serializedVersion: 6
  m_Component:
  - component: {fileID: 8090010139166090637}
  m_Layer: 0
  m_Name: mixamorig:LeftHandRing2
  m_TagString: Untagged
  m_Icon: {fileID: 0}
  m_NavMeshLayer: 0
  m_StaticEditorFlags: 0
  m_IsActive: 1
--- !u!4 &8090010139166090637
Transform:
  m_ObjectHideFlags: 0
  m_CorrespondingSourceObject: {fileID: 0}
  m_PrefabInstance: {fileID: 0}
  m_PrefabAsset: {fileID: 0}
  m_GameObject: {fileID: 8090010139165866477}
  m_LocalRotation: {x: 0.000000299493, y: -0.00007571782, z: -0.0026804905, w: 0.9999964}
  m_LocalPosition: {x: -0.0000019735428, y: 0.03778167, z: 2.0522634e-10}
  m_LocalScale: {x: 1, y: 1, z: 1}
  m_Children:
  - {fileID: 8090010139166090639}
  m_Father: {fileID: 8090010139166090635}
  m_RootOrder: 0
  m_LocalEulerAnglesHint: {x: 17.466146, y: 0.07485484, z: 1.0218263}
--- !u!1 &8090010139165866479
GameObject:
  m_ObjectHideFlags: 0
  m_CorrespondingSourceObject: {fileID: 0}
  m_PrefabInstance: {fileID: 0}
  m_PrefabAsset: {fileID: 0}
  serializedVersion: 6
  m_Component:
  - component: {fileID: 8090010139166090639}
  m_Layer: 0
  m_Name: mixamorig:LeftHandRing3
  m_TagString: Untagged
  m_Icon: {fileID: 0}
  m_NavMeshLayer: 0
  m_StaticEditorFlags: 0
  m_IsActive: 1
--- !u!4 &8090010139166090639
Transform:
  m_ObjectHideFlags: 0
  m_CorrespondingSourceObject: {fileID: 0}
  m_PrefabInstance: {fileID: 0}
  m_PrefabAsset: {fileID: 0}
  m_GameObject: {fileID: 8090010139165866479}
  m_LocalRotation: {x: 0.0000002449277, y: -0.000021471156, z: 0.005785019, w: 0.9999833}
  m_LocalPosition: {x: -0.00019308492, y: 0.03564891, z: 4.163965e-10}
  m_LocalScale: {x: 1, y: 1, z: 1}
  m_Children:
  - {fileID: 8090010139166090641}
  m_Father: {fileID: 8090010139166090637}
  m_RootOrder: 0
  m_LocalEulerAnglesHint: {x: 12.854976, y: -0.021285046, z: 1.3618506}
--- !u!1 &8090010139165866481
GameObject:
  m_ObjectHideFlags: 0
  m_CorrespondingSourceObject: {fileID: 0}
  m_PrefabInstance: {fileID: 0}
  m_PrefabAsset: {fileID: 0}
  serializedVersion: 6
  m_Component:
  - component: {fileID: 8090010139166090641}
  m_Layer: 0
  m_Name: mixamorig:LeftHandRing4
  m_TagString: Untagged
  m_Icon: {fileID: 0}
  m_NavMeshLayer: 0
  m_StaticEditorFlags: 0
  m_IsActive: 1
--- !u!4 &8090010139166090641
Transform:
  m_ObjectHideFlags: 0
  m_CorrespondingSourceObject: {fileID: 0}
  m_PrefabInstance: {fileID: 0}
  m_PrefabAsset: {fileID: 0}
  m_GameObject: {fileID: 8090010139165866481}
  m_LocalRotation: {x: 0, y: -0, z: -0, w: 1}
  m_LocalPosition: {x: 0.0001950584, y: 0.031674873, z: 1.1537736e-10}
  m_LocalScale: {x: 1, y: 1, z: 1}
  m_Children: []
  m_Father: {fileID: 8090010139166090639}
  m_RootOrder: 0
  m_LocalEulerAnglesHint: {x: 0, y: 0, z: 0}
--- !u!1 &8090010139165866483
GameObject:
  m_ObjectHideFlags: 0
  m_CorrespondingSourceObject: {fileID: 0}
  m_PrefabInstance: {fileID: 0}
  m_PrefabAsset: {fileID: 0}
  serializedVersion: 6
  m_Component:
  - component: {fileID: 8090010139166090643}
  m_Layer: 0
  m_Name: mixamorig:LeftHandThumb1
  m_TagString: Untagged
  m_Icon: {fileID: 0}
  m_NavMeshLayer: 0
  m_StaticEditorFlags: 0
  m_IsActive: 1
--- !u!4 &8090010139166090643
Transform:
  m_ObjectHideFlags: 0
  m_CorrespondingSourceObject: {fileID: 0}
  m_PrefabInstance: {fileID: 0}
  m_PrefabAsset: {fileID: 0}
  m_GameObject: {fileID: 8090010139165866483}
  m_LocalRotation: {x: 0.19908093, y: -0.057919137, z: -0.24411951, w: 0.9473214}
  m_LocalPosition: {x: 0.03149101, y: 0.04119247, z: 0.02116457}
  m_LocalScale: {x: 1, y: 1, z: 1}
  m_Children:
  - {fileID: 8090010139166090645}
  m_Father: {fileID: 8090010139166090673}
  m_RootOrder: 4
  m_LocalEulerAnglesHint: {x: -1.9134388, y: -37.848038, z: -15.56962}
--- !u!1 &8090010139165866485
GameObject:
  m_ObjectHideFlags: 0
  m_CorrespondingSourceObject: {fileID: 0}
  m_PrefabInstance: {fileID: 0}
  m_PrefabAsset: {fileID: 0}
  serializedVersion: 6
  m_Component:
  - component: {fileID: 8090010139166090645}
  m_Layer: 0
  m_Name: mixamorig:LeftHandThumb2
  m_TagString: Untagged
  m_Icon: {fileID: 0}
  m_NavMeshLayer: 0
  m_StaticEditorFlags: 0
  m_IsActive: 1
--- !u!4 &8090010139166090645
Transform:
  m_ObjectHideFlags: 0
  m_CorrespondingSourceObject: {fileID: 0}
  m_PrefabInstance: {fileID: 0}
  m_PrefabAsset: {fileID: 0}
  m_GameObject: {fileID: 8090010139165866485}
  m_LocalRotation: {x: 0.000045549878, y: 0.0011300787, z: -0.07467105, w: 0.9972076}
  m_LocalPosition: {x: 0.005145176, y: 0.044506855, z: 9.877195e-10}
  m_LocalScale: {x: 1, y: 1, z: 1}
  m_Children:
  - {fileID: 8090010139166090647}
  m_Father: {fileID: 8090010139166090643}
  m_RootOrder: 0
  m_LocalEulerAnglesHint: {x: 9.279724, y: 23.525438, z: 2.7170212}
--- !u!1 &8090010139165866487
GameObject:
  m_ObjectHideFlags: 0
  m_CorrespondingSourceObject: {fileID: 0}
  m_PrefabInstance: {fileID: 0}
  m_PrefabAsset: {fileID: 0}
  serializedVersion: 6
  m_Component:
  - component: {fileID: 8090010139166090647}
  m_Layer: 0
  m_Name: mixamorig:LeftHandThumb3
  m_TagString: Untagged
  m_Icon: {fileID: 0}
  m_NavMeshLayer: 0
  m_StaticEditorFlags: 0
  m_IsActive: 1
--- !u!4 &8090010139166090647
Transform:
  m_ObjectHideFlags: 0
  m_CorrespondingSourceObject: {fileID: 0}
  m_PrefabInstance: {fileID: 0}
  m_PrefabAsset: {fileID: 0}
  m_GameObject: {fileID: 8090010139165866487}
  m_LocalRotation: {x: -0.00040227728, y: 0.005154839, z: -0.043567352, w: 0.9990371}
  m_LocalPosition: {x: -0.0014045408, y: 0.040834792, z: 0.0000000010245551}
  m_LocalScale: {x: 1, y: 1, z: 1}
  m_Children:
  - {fileID: 8090010139166090649}
  m_Father: {fileID: 8090010139166090645}
  m_RootOrder: 0
  m_LocalEulerAnglesHint: {x: -8.947328, y: -19.900164, z: -11.342263}
--- !u!1 &8090010139165866489
GameObject:
  m_ObjectHideFlags: 0
  m_CorrespondingSourceObject: {fileID: 0}
  m_PrefabInstance: {fileID: 0}
  m_PrefabAsset: {fileID: 0}
  serializedVersion: 6
  m_Component:
  - component: {fileID: 8090010139166090649}
  m_Layer: 0
  m_Name: mixamorig:LeftHandThumb4
  m_TagString: Untagged
  m_Icon: {fileID: 0}
  m_NavMeshLayer: 0
  m_StaticEditorFlags: 0
  m_IsActive: 1
--- !u!4 &8090010139166090649
Transform:
  m_ObjectHideFlags: 0
  m_CorrespondingSourceObject: {fileID: 0}
  m_PrefabInstance: {fileID: 0}
  m_PrefabAsset: {fileID: 0}
  m_GameObject: {fileID: 8090010139165866489}
  m_LocalRotation: {x: 0, y: -0, z: -0, w: 1}
  m_LocalPosition: {x: -0.0037406369, y: 0.03062418, z: 2.268888e-10}
  m_LocalScale: {x: 1, y: 1, z: 1}
  m_Children: []
  m_Father: {fileID: 8090010139166090647}
  m_RootOrder: 0
  m_LocalEulerAnglesHint: {x: 0, y: 0, z: 0}
--- !u!1 &8090010139165866491
GameObject:
  m_ObjectHideFlags: 0
  m_CorrespondingSourceObject: {fileID: 0}
  m_PrefabInstance: {fileID: 0}
  m_PrefabAsset: {fileID: 0}
  serializedVersion: 6
  m_Component:
  - component: {fileID: 8090010139166090651}
  m_Layer: 0
  m_Name: mixamorig:LeftLeg
  m_TagString: Untagged
  m_Icon: {fileID: 0}
  m_NavMeshLayer: 0
  m_StaticEditorFlags: 0
  m_IsActive: 1
--- !u!4 &8090010139166090651
Transform:
  m_ObjectHideFlags: 0
  m_CorrespondingSourceObject: {fileID: 0}
  m_PrefabInstance: {fileID: 0}
  m_PrefabAsset: {fileID: 0}
  m_GameObject: {fileID: 8090010139165866491}
  m_LocalRotation: {x: -0.0012728466, y: 0.0018314637, z: 0.06578921, w: 0.99783105}
  m_LocalPosition: {x: -3.1417918e-10, y: 0.5048704, z: 0.0000000012294716}
  m_LocalScale: {x: 1, y: 1, z: 1}
  m_Children:
  - {fileID: 8090010139166090669}
  m_Father: {fileID: 8090010139166090723}
  m_RootOrder: 0
  m_LocalEulerAnglesHint: {x: -66.67509, y: -0.14631085, z: -1.3150207}
--- !u!1 &8090010139165866493
GameObject:
  m_ObjectHideFlags: 0
  m_CorrespondingSourceObject: {fileID: 0}
  m_PrefabInstance: {fileID: 0}
  m_PrefabAsset: {fileID: 0}
  serializedVersion: 6
  m_Component:
  - component: {fileID: 8090010139166090653}
  m_Layer: 0
  m_Name: mixamorig:LeftShoulder
  m_TagString: Untagged
  m_Icon: {fileID: 0}
  m_NavMeshLayer: 0
  m_StaticEditorFlags: 0
  m_IsActive: 1
--- !u!4 &8090010139166090653
Transform:
  m_ObjectHideFlags: 0
  m_CorrespondingSourceObject: {fileID: 0}
  m_PrefabInstance: {fileID: 0}
  m_PrefabAsset: {fileID: 0}
  m_GameObject: {fileID: 8090010139165866493}
  m_LocalRotation: {x: 0.5408181, y: -0.45238283, z: 0.5554357, w: 0.4408591}
  m_LocalPosition: {x: -0.072050355, y: 0.17828202, z: -0.001992322}
  m_LocalScale: {x: 1, y: 1, z: 1}
  m_Children:
  - {fileID: 8090010139166090667}
  m_Father: {fileID: 8090010139166090277}
  m_RootOrder: 0
  m_LocalEulerAnglesHint: {x: 74.58662, y: 138.30858, z: -151.2961}
--- !u!1 &8090010139165866495
GameObject:
  m_ObjectHideFlags: 0
  m_CorrespondingSourceObject: {fileID: 0}
  m_PrefabInstance: {fileID: 0}
  m_PrefabAsset: {fileID: 0}
  serializedVersion: 6
  m_Component:
  - component: {fileID: 8090010139166090655}
  m_Layer: 0
  m_Name: mixamorig:LeftToe_End
  m_TagString: Untagged
  m_Icon: {fileID: 0}
  m_NavMeshLayer: 0
  m_StaticEditorFlags: 0
  m_IsActive: 1
--- !u!4 &8090010139166090655
Transform:
  m_ObjectHideFlags: 0
  m_CorrespondingSourceObject: {fileID: 0}
  m_PrefabInstance: {fileID: 0}
  m_PrefabAsset: {fileID: 0}
  m_GameObject: {fileID: 8090010139165866495}
  m_LocalRotation: {x: 0, y: -0, z: -0, w: 1}
  m_LocalPosition: {x: 6.2974494e-11, y: 0.08735259, z: 7.218004e-12}
  m_LocalScale: {x: 1, y: 1, z: 1}
  m_Children: []
  m_Father: {fileID: 8090010139166090721}
  m_RootOrder: 0
  m_LocalEulerAnglesHint: {x: 0, y: 0, z: 0}
