%YAML 1.1
%TAG !u! tag:unity3d.com,2011:
--- !u!1 &1527321035403423343
GameObject:
  m_ObjectHideFlags: 0
  m_CorrespondingSourceObject: {fileID: 0}
  m_PrefabInstance: {fileID: 0}
  m_PrefabAsset: {fileID: 0}
  serializedVersion: 6
  m_Component:
  - component: {fileID: 5161452309719648344}
  m_Layer: 5
  m_Name: Fill Area
  m_TagString: Untagged
  m_Icon: {fileID: 0}
  m_NavMeshLayer: 0
  m_StaticEditorFlags: 0
  m_IsActive: 1
--- !u!224 &5161452309719648344
RectTransform:
  m_ObjectHideFlags: 0
  m_CorrespondingSourceObject: {fileID: 0}
  m_PrefabInstance: {fileID: 0}
  m_PrefabAsset: {fileID: 0}
  m_GameObject: {fileID: 1527321035403423343}
  m_LocalRotation: {x: 0, y: 0, z: 0, w: 1}
  m_LocalPosition: {x: 0, y: 0, z: 0}
  m_LocalScale: {x: 1, y: 1, z: 1}
  m_Children:
  - {fileID: 2094652787596939054}
  m_Father: {fileID: 384403677982081725}
  m_RootOrder: 1
  m_LocalEulerAnglesHint: {x: 0, y: 0, z: 0}
  m_AnchorMin: {x: 0, y: 0.25}
  m_AnchorMax: {x: 1, y: 0.75}
  m_AnchoredPosition: {x: -2.5, y: 0}
  m_SizeDelta: {x: -5, y: 0}
  m_Pivot: {x: 0.5, y: 0.5}
--- !u!1 &3022289284209294299
GameObject:
  m_ObjectHideFlags: 0
  m_CorrespondingSourceObject: {fileID: 0}
  m_PrefabInstance: {fileID: 0}
  m_PrefabAsset: {fileID: 0}
  serializedVersion: 6
  m_Component:
  - component: {fileID: 452052909452377463}
  - component: {fileID: 3503108157435322386}
  - component: {fileID: 318122519773901242}
  m_Layer: 11
  m_Name: HitBox
  m_TagString: Untagged
  m_Icon: {fileID: 0}
  m_NavMeshLayer: 0
  m_StaticEditorFlags: 0
  m_IsActive: 1
--- !u!4 &452052909452377463
Transform:
  m_ObjectHideFlags: 0
  m_CorrespondingSourceObject: {fileID: 0}
  m_PrefabInstance: {fileID: 0}
  m_PrefabAsset: {fileID: 0}
  m_GameObject: {fileID: 3022289284209294299}
  m_LocalRotation: {x: 0, y: 0, z: 0, w: 1}
  m_LocalPosition: {x: 0, y: 0, z: 0}
  m_LocalScale: {x: 1, y: 1, z: 1}
  m_Children: []
  m_Father: {fileID: 5520083414465902302}
  m_RootOrder: 4
  m_LocalEulerAnglesHint: {x: 0, y: 0, z: 0}
--- !u!114 &3503108157435322386
MonoBehaviour:
  m_ObjectHideFlags: 0
  m_CorrespondingSourceObject: {fileID: 0}
  m_PrefabInstance: {fileID: 0}
  m_PrefabAsset: {fileID: 0}
  m_GameObject: {fileID: 3022289284209294299}
  m_Enabled: 0
  m_EditorHideFlags: 0
  m_Script: {fileID: 11500000, guid: cade3bcebe5d7e44cb6558f561442dfc, type: 3}
  m_Name: 
  m_EditorClassIdentifier: 
  OnHurtboxHit:
    m_PersistentCalls:
      m_Calls: []
--- !u!65 &318122519773901242
BoxCollider:
  m_ObjectHideFlags: 0
  m_CorrespondingSourceObject: {fileID: 0}
  m_PrefabInstance: {fileID: 0}
  m_PrefabAsset: {fileID: 0}
  m_GameObject: {fileID: 3022289284209294299}
  m_Material: {fileID: 0}
  m_IsTrigger: 1
  m_Enabled: 0
  serializedVersion: 2
  m_Size: {x: 1.7934744, y: 5.705077, z: 4.411717}
  m_Center: {x: 8.311143, y: 13.695863, z: 8.01727}
--- !u!1 &5123653251056308488
GameObject:
  m_ObjectHideFlags: 0
  m_CorrespondingSourceObject: {fileID: 0}
  m_PrefabInstance: {fileID: 0}
  m_PrefabAsset: {fileID: 0}
  serializedVersion: 6
  m_Component:
  - component: {fileID: 1960543025486558953}
  - component: {fileID: 1841472750159601501}
  - component: {fileID: 157354368882569188}
  m_Layer: 5
  m_Name: Background
  m_TagString: Untagged
  m_Icon: {fileID: 0}
  m_NavMeshLayer: 0
  m_StaticEditorFlags: 0
  m_IsActive: 1
--- !u!224 &1960543025486558953
RectTransform:
  m_ObjectHideFlags: 0
  m_CorrespondingSourceObject: {fileID: 0}
  m_PrefabInstance: {fileID: 0}
  m_PrefabAsset: {fileID: 0}
  m_GameObject: {fileID: 5123653251056308488}
  m_LocalRotation: {x: 0, y: 0, z: 0, w: 1}
  m_LocalPosition: {x: 0, y: 0, z: 0}
  m_LocalScale: {x: 1, y: 1, z: 1}
  m_Children: []
  m_Father: {fileID: 384403677982081725}
  m_RootOrder: 0
  m_LocalEulerAnglesHint: {x: 0, y: 0, z: 0}
  m_AnchorMin: {x: 0, y: 0.25}
  m_AnchorMax: {x: 1, y: 0.75}
  m_AnchoredPosition: {x: 0, y: 0}
  m_SizeDelta: {x: 0, y: 0}
  m_Pivot: {x: 0.5, y: 0.5}
--- !u!222 &1841472750159601501
CanvasRenderer:
  m_ObjectHideFlags: 0
  m_CorrespondingSourceObject: {fileID: 0}
  m_PrefabInstance: {fileID: 0}
  m_PrefabAsset: {fileID: 0}
  m_GameObject: {fileID: 5123653251056308488}
  m_CullTransparentMesh: 0
--- !u!114 &157354368882569188
MonoBehaviour:
  m_ObjectHideFlags: 0
  m_CorrespondingSourceObject: {fileID: 0}
  m_PrefabInstance: {fileID: 0}
  m_PrefabAsset: {fileID: 0}
  m_GameObject: {fileID: 5123653251056308488}
  m_Enabled: 1
  m_EditorHideFlags: 0
  m_Script: {fileID: -765806418, guid: f70555f144d8491a825f0804e09c671c, type: 3}
  m_Name: 
  m_EditorClassIdentifier: 
  m_Material: {fileID: 0}
  m_Color: {r: 1, g: 0, b: 0, a: 1}
  m_RaycastTarget: 1
  m_OnCullStateChanged:
    m_PersistentCalls:
      m_Calls: []
  m_Sprite: {fileID: 10907, guid: 0000000000000000f000000000000000, type: 0}
  m_Type: 1
  m_PreserveAspect: 0
  m_FillCenter: 1
  m_FillMethod: 4
  m_FillAmount: 1
  m_FillClockwise: 1
  m_FillOrigin: 0
  m_UseSpriteMesh: 0
--- !u!1 &5520083414465931904
GameObject:
  m_ObjectHideFlags: 0
  m_CorrespondingSourceObject: {fileID: 0}
  m_PrefabInstance: {fileID: 0}
  m_PrefabAsset: {fileID: 0}
  serializedVersion: 6
  m_Component:
  - component: {fileID: 5520083414465902304}
  m_Layer: 0
  m_Name: mixamorig:RightHandIndex4
  m_TagString: Untagged
  m_Icon: {fileID: 0}
  m_NavMeshLayer: 0
  m_StaticEditorFlags: 0
  m_IsActive: 1
--- !u!4 &5520083414465902304
Transform:
  m_ObjectHideFlags: 0
  m_CorrespondingSourceObject: {fileID: 0}
  m_PrefabInstance: {fileID: 0}
  m_PrefabAsset: {fileID: 0}
  m_GameObject: {fileID: 5520083414465931904}
  m_LocalRotation: {x: 0, y: -0, z: -0, w: 1}
  m_LocalPosition: {x: -0.12921791, y: 0.6915248, z: 0.000000008619107}
  m_LocalScale: {x: 1, y: 1, z: 1}
  m_Children: []
  m_Father: {fileID: 5520083414465902310}
  m_RootOrder: 0
  m_LocalEulerAnglesHint: {x: 0, y: 0, z: 0}
--- !u!1 &5520083414465931906
GameObject:
  m_ObjectHideFlags: 0
  m_CorrespondingSourceObject: {fileID: 0}
  m_PrefabInstance: {fileID: 0}
  m_PrefabAsset: {fileID: 0}
  serializedVersion: 6
  m_Component:
  - component: {fileID: 5520083414465902306}
  m_Layer: 0
  m_Name: mixamorig:RightHandThumb1
  m_TagString: Untagged
  m_Icon: {fileID: 0}
  m_NavMeshLayer: 0
  m_StaticEditorFlags: 0
  m_IsActive: 1
--- !u!4 &5520083414465902306
Transform:
  m_ObjectHideFlags: 0
  m_CorrespondingSourceObject: {fileID: 0}
  m_PrefabInstance: {fileID: 0}
  m_PrefabAsset: {fileID: 0}
  m_GameObject: {fileID: 5520083414465931906}
  m_LocalRotation: {x: 0.037416313, y: 0.02637271, z: 0.22252597, w: 0.9738515}
  m_LocalPosition: {x: -0.42114046, y: 0.27596343, z: 0.0000000055569744}
  m_LocalScale: {x: 1, y: 1, z: 1}
  m_Children:
  - {fileID: 5520083414465902236}
  m_Father: {fileID: 5520083414465902312}
  m_RootOrder: 1
  m_LocalEulerAnglesHint: {x: -36.427273, y: 50.40183, z: 24.651117}
--- !u!1 &5520083414465931908
GameObject:
  m_ObjectHideFlags: 0
  m_CorrespondingSourceObject: {fileID: 0}
  m_PrefabInstance: {fileID: 0}
  m_PrefabAsset: {fileID: 0}
  serializedVersion: 6
  m_Component:
  - component: {fileID: 5520083414465902308}
  m_Layer: 0
  m_Name: mixamorig:RightHandIndex2
  m_TagString: Untagged
  m_Icon: {fileID: 0}
  m_NavMeshLayer: 0
  m_StaticEditorFlags: 0
  m_IsActive: 1
--- !u!4 &5520083414465902308
Transform:
  m_ObjectHideFlags: 0
  m_CorrespondingSourceObject: {fileID: 0}
  m_PrefabInstance: {fileID: 0}
  m_PrefabAsset: {fileID: 0}
  m_GameObject: {fileID: 5520083414465931908}
  m_LocalRotation: {x: 0.00027810404, y: 0.004485828, z: -0.08995439, w: 0.9959358}
  m_LocalPosition: {x: 0.1444991, y: 0.9428979, z: -0.0000000111343015}
  m_LocalScale: {x: 1, y: 1, z: 1}
  m_Children:
  - {fileID: 5520083414465902310}
  m_Father: {fileID: 5520083414465902314}
  m_RootOrder: 0
  m_LocalEulerAnglesHint: {x: 40.624123, y: 20.748299, z: 51.42812}
--- !u!1 &5520083414465931910
GameObject:
  m_ObjectHideFlags: 0
  m_CorrespondingSourceObject: {fileID: 0}
  m_PrefabInstance: {fileID: 0}
  m_PrefabAsset: {fileID: 0}
  serializedVersion: 6
  m_Component:
  - component: {fileID: 5520083414465902310}
  m_Layer: 0
  m_Name: mixamorig:RightHandIndex3
  m_TagString: Untagged
  m_Icon: {fileID: 0}
  m_NavMeshLayer: 0
  m_StaticEditorFlags: 0
  m_IsActive: 1
--- !u!4 &5520083414465902310
Transform:
  m_ObjectHideFlags: 0
  m_CorrespondingSourceObject: {fileID: 0}
  m_PrefabInstance: {fileID: 0}
  m_PrefabAsset: {fileID: 0}
  m_GameObject: {fileID: 5520083414465931910}
  m_LocalRotation: {x: 0.0007248756, y: -0.0067875925, z: -0.0782301, w: 0.996912}
  m_LocalPosition: {x: -0.015281085, y: 0.54459536, z: -0.000000003829503}
  m_LocalScale: {x: 1, y: 1, z: 1}
  m_Children:
  - {fileID: 5520083414465902304}
  m_Father: {fileID: 5520083414465902308}
  m_RootOrder: 0
  m_LocalEulerAnglesHint: {x: 35.52842, y: 21.503653, z: 46.077343}
--- !u!1 &5520083414465931912
GameObject:
  m_ObjectHideFlags: 0
  m_CorrespondingSourceObject: {fileID: 0}
  m_PrefabInstance: {fileID: 0}
  m_PrefabAsset: {fileID: 0}
  serializedVersion: 6
  m_Component:
  - component: {fileID: 5520083414465902312}
  m_Layer: 0
  m_Name: mixamorig:RightHand
  m_TagString: Untagged
  m_Icon: {fileID: 0}
  m_NavMeshLayer: 0
  m_StaticEditorFlags: 0
  m_IsActive: 1
--- !u!4 &5520083414465902312
Transform:
  m_ObjectHideFlags: 0
  m_CorrespondingSourceObject: {fileID: 0}
  m_PrefabInstance: {fileID: 0}
  m_PrefabAsset: {fileID: 0}
  m_GameObject: {fileID: 5520083414465931912}
  m_LocalRotation: {x: -0.027514365, y: 0.10296046, z: 0.0028488874, w: 0.9943008}
  m_LocalPosition: {x: -0.000000010948424, y: 2.8395617, z: -3.8783998e-10}
  m_LocalScale: {x: 1, y: 1, z: 1}
  m_Children:
  - {fileID: 5520083414465902314}
  - {fileID: 5520083414465902306}
  - {fileID: 958037351791379192}
  m_Father: {fileID: 5520083414465902318}
  m_RootOrder: 0
  m_LocalEulerAnglesHint: {x: -19.057755, y: 3.588959, z: 33.433865}
--- !u!1 &5520083414465931914
GameObject:
  m_ObjectHideFlags: 0
  m_CorrespondingSourceObject: {fileID: 0}
  m_PrefabInstance: {fileID: 0}
  m_PrefabAsset: {fileID: 0}
  serializedVersion: 6
  m_Component:
  - component: {fileID: 5520083414465902314}
  m_Layer: 0
  m_Name: mixamorig:RightHandIndex1
  m_TagString: Untagged
  m_Icon: {fileID: 0}
  m_NavMeshLayer: 0
  m_StaticEditorFlags: 0
  m_IsActive: 1
--- !u!4 &5520083414465902314
Transform:
  m_ObjectHideFlags: 0
  m_CorrespondingSourceObject: {fileID: 0}
  m_PrefabInstance: {fileID: 0}
  m_PrefabAsset: {fileID: 0}
  m_GameObject: {fileID: 5520083414465931914}
  m_LocalRotation: {x: 0.030465443, y: 0.036019694, z: 0.07693078, w: 0.99591976}
  m_LocalPosition: {x: 0.0000000054455658, y: 0.92260706, z: 0.051116876}
  m_LocalScale: {x: 1, y: 1, z: 1}
  m_Children:
  - {fileID: 5520083414465902308}
  m_Father: {fileID: 5520083414465902312}
  m_RootOrder: 0
  m_LocalEulerAnglesHint: {x: 21.648031, y: 17.91669, z: 43.056774}
--- !u!1 &5520083414465931916
GameObject:
  m_ObjectHideFlags: 0
  m_CorrespondingSourceObject: {fileID: 0}
  m_PrefabInstance: {fileID: 0}
  m_PrefabAsset: {fileID: 0}
  serializedVersion: 6
  m_Component:
  - component: {fileID: 5520083414465902316}
  m_Layer: 0
  m_Name: mixamorig:RightFoot
  m_TagString: Untagged
  m_Icon: {fileID: 0}
  m_NavMeshLayer: 0
  m_StaticEditorFlags: 0
  m_IsActive: 1
--- !u!4 &5520083414465902316
Transform:
  m_ObjectHideFlags: 0
  m_CorrespondingSourceObject: {fileID: 0}
  m_PrefabInstance: {fileID: 0}
  m_PrefabAsset: {fileID: 0}
  m_GameObject: {fileID: 5520083414465931916}
  m_LocalRotation: {x: 0.5078577, y: -0.03985724, z: 0.02149454, w: 0.86024994}
  m_LocalPosition: {x: -0.000000020913882, y: 3.8914676, z: -0.00000001495642}
  m_LocalScale: {x: 1, y: 1, z: 1}
  m_Children:
  - {fileID: 5520083414465902224}
  m_Father: {fileID: 5520083414465902234}
  m_RootOrder: 0
  m_LocalEulerAnglesHint: {x: 60.80924, y: -72.90354, z: -87.374855}
--- !u!1 &5520083414465931918
GameObject:
  m_ObjectHideFlags: 0
  m_CorrespondingSourceObject: {fileID: 0}
  m_PrefabInstance: {fileID: 0}
  m_PrefabAsset: {fileID: 0}
  serializedVersion: 6
  m_Component:
  - component: {fileID: 5520083414465902318}
  m_Layer: 0
  m_Name: mixamorig:RightForeArm
  m_TagString: Untagged
  m_Icon: {fileID: 0}
  m_NavMeshLayer: 0
  m_StaticEditorFlags: 0
  m_IsActive: 1
--- !u!4 &5520083414465902318
Transform:
  m_ObjectHideFlags: 0
  m_CorrespondingSourceObject: {fileID: 0}
  m_PrefabInstance: {fileID: 0}
  m_PrefabAsset: {fileID: 0}
  m_GameObject: {fileID: 5520083414465931918}
  m_LocalRotation: {x: -0.0000002947142, y: 0.24436067, z: -0.00000008204476, w: 0.9696844}
  m_LocalPosition: {x: 0.0000000129115145, y: 1.3334335, z: 0.0000000072948705}
  m_LocalScale: {x: 1, y: 1, z: 1}
  m_Children:
  - {fileID: 5520083414465902312}
  m_Father: {fileID: 5520083414465902322}
  m_RootOrder: 0
  m_LocalEulerAnglesHint: {x: -5.0497136, y: 8.294478, z: 46.430202}
--- !u!1 &5520083414465931920
GameObject:
  m_ObjectHideFlags: 0
  m_CorrespondingSourceObject: {fileID: 0}
  m_PrefabInstance: {fileID: 0}
  m_PrefabAsset: {fileID: 0}
  serializedVersion: 6
  m_Component:
  - component: {fileID: 5520083414465902320}
  m_Layer: 0
  m_Name: mixamorig:Neck
  m_TagString: Untagged
  m_Icon: {fileID: 0}
  m_NavMeshLayer: 0
  m_StaticEditorFlags: 0
  m_IsActive: 1
--- !u!4 &5520083414465902320
Transform:
  m_ObjectHideFlags: 0
  m_CorrespondingSourceObject: {fileID: 0}
  m_PrefabInstance: {fileID: 0}
  m_PrefabAsset: {fileID: 0}
  m_GameObject: {fileID: 5520083414465931920}
  m_LocalRotation: {x: 0.28351083, y: -2.3579227e-14, z: 2.301312e-13, w: 0.95896906}
  m_LocalPosition: {x: -0, y: 0.70081675, z: 0.000000038610164}
  m_LocalScale: {x: 1, y: 1, z: 1}
  m_Children:
  - {fileID: 5520083414465902296}
  m_Father: {fileID: 5520083414465902216}
  m_RootOrder: 1
  m_LocalEulerAnglesHint: {x: 34.720955, y: -11.416589, z: -6.295726}
--- !u!1 &5520083414465931922
GameObject:
  m_ObjectHideFlags: 0
  m_CorrespondingSourceObject: {fileID: 0}
  m_PrefabInstance: {fileID: 0}
  m_PrefabAsset: {fileID: 0}
  serializedVersion: 6
  m_Component:
  - component: {fileID: 5520083414465902322}
  m_Layer: 0
  m_Name: mixamorig:RightArm
  m_TagString: Untagged
  m_Icon: {fileID: 0}
  m_NavMeshLayer: 0
  m_StaticEditorFlags: 0
  m_IsActive: 1
--- !u!4 &5520083414465902322
Transform:
  m_ObjectHideFlags: 0
  m_CorrespondingSourceObject: {fileID: 0}
  m_PrefabInstance: {fileID: 0}
  m_PrefabAsset: {fileID: 0}
  m_GameObject: {fileID: 5520083414465931922}
  m_LocalRotation: {x: 0.17133644, y: 0.79645807, z: -0.34213042, w: 0.46823624}
  m_LocalPosition: {x: -0.000000005854382, y: 2.061708, z: 0.000000007516295}
  m_LocalScale: {x: 1, y: 1, z: 1}
  m_Children:
  - {fileID: 5520083414465902318}
  m_Father: {fileID: 5520083414465902228}
  m_RootOrder: 0
  m_LocalEulerAnglesHint: {x: 65.52657, y: 29.096437, z: -119.13972}
--- !u!1 &5520083414465931924
GameObject:
  m_ObjectHideFlags: 0
  m_CorrespondingSourceObject: {fileID: 0}
  m_PrefabInstance: {fileID: 0}
  m_PrefabAsset: {fileID: 0}
  serializedVersion: 6
  m_Component:
  - component: {fileID: 5520083414465902324}
  m_Layer: 0
  m_Name: mixamorig:LeftToeBase
  m_TagString: Untagged
  m_Icon: {fileID: 0}
  m_NavMeshLayer: 0
  m_StaticEditorFlags: 0
  m_IsActive: 1
--- !u!4 &5520083414465902324
Transform:
  m_ObjectHideFlags: 0
  m_CorrespondingSourceObject: {fileID: 0}
  m_PrefabInstance: {fileID: 0}
  m_PrefabAsset: {fileID: 0}
  m_GameObject: {fileID: 5520083414465931924}
  m_LocalRotation: {x: 0.22126092, y: -0.18056467, z: 0.041727677, w: 0.9574439}
  m_LocalPosition: {x: 0.0000000043063038, y: 1.5834299, z: -0.000000031086447}
  m_LocalScale: {x: 1, y: 1, z: 1}
  m_Children:
  - {fileID: 5520083414465902330}
  m_Father: {fileID: 5520083414465902288}
  m_RootOrder: 0
  m_LocalEulerAnglesHint: {x: 28.320915, y: -25.303179, z: 2.891496}
--- !u!1 &5520083414465931926
GameObject:
  m_ObjectHideFlags: 0
  m_CorrespondingSourceObject: {fileID: 0}
  m_PrefabInstance: {fileID: 0}
  m_PrefabAsset: {fileID: 0}
  serializedVersion: 6
  m_Component:
  - component: {fileID: 5520083414465902326}
  m_Layer: 0
  m_Name: mixamorig:LeftUpLeg
  m_TagString: Untagged
  m_Icon: {fileID: 0}
  m_NavMeshLayer: 0
  m_StaticEditorFlags: 0
  m_IsActive: 1
--- !u!4 &5520083414465902326
Transform:
  m_ObjectHideFlags: 0
  m_CorrespondingSourceObject: {fileID: 0}
  m_PrefabInstance: {fileID: 0}
  m_PrefabAsset: {fileID: 0}
  m_GameObject: {fileID: 5520083414465931926}
  m_LocalRotation: {x: 0.0007129211, y: 0.023680987, z: 0.9995675, w: 0.017420836}
  m_LocalPosition: {x: -1.7587754, y: -0.21783447, z: 0.49795163}
  m_LocalScale: {x: 1, y: 1, z: 1}
  m_Children:
  - {fileID: 5520083414465902334}
  m_Father: {fileID: 5520083414465902292}
  m_RootOrder: 0
  m_LocalEulerAnglesHint: {x: -57.13737, y: -48.904984, z: 176.24199}
--- !u!1 &5520083414465931928
GameObject:
  m_ObjectHideFlags: 0
  m_CorrespondingSourceObject: {fileID: 0}
  m_PrefabInstance: {fileID: 0}
  m_PrefabAsset: {fileID: 0}
  serializedVersion: 6
  m_Component:
  - component: {fileID: 5520083414465902328}
  m_Layer: 0
  m_Name: mixamorig:LeftShoulder
  m_TagString: Untagged
  m_Icon: {fileID: 0}
  m_NavMeshLayer: 0
  m_StaticEditorFlags: 0
  m_IsActive: 1
--- !u!4 &5520083414465902328
Transform:
  m_ObjectHideFlags: 0
  m_CorrespondingSourceObject: {fileID: 0}
  m_PrefabInstance: {fileID: 0}
  m_PrefabAsset: {fileID: 0}
  m_GameObject: {fileID: 5520083414465931928}
  m_LocalRotation: {x: 0.16967787, y: 0.12434084, z: 0.42641973, w: 0.8797244}
  m_LocalPosition: {x: -0.8400646, y: 0.7651505, z: 0.072162144}
  m_LocalScale: {x: 1, y: 1, z: 1}
  m_Children:
  - {fileID: 5520083414465902294}
  m_Father: {fileID: 5520083414465902216}
  m_RootOrder: 0
  m_LocalEulerAnglesHint: {x: 4.8640256, y: 35.755466, z: 61.899467}
--- !u!1 &5520083414465931930
GameObject:
  m_ObjectHideFlags: 0
  m_CorrespondingSourceObject: {fileID: 0}
  m_PrefabInstance: {fileID: 0}
  m_PrefabAsset: {fileID: 0}
  serializedVersion: 6
  m_Component:
  - component: {fileID: 5520083414465902330}
  m_Layer: 0
  m_Name: mixamorig:LeftToe_End
  m_TagString: Untagged
  m_Icon: {fileID: 0}
  m_NavMeshLayer: 0
  m_StaticEditorFlags: 0
  m_IsActive: 1
--- !u!4 &5520083414465902330
Transform:
  m_ObjectHideFlags: 0
  m_CorrespondingSourceObject: {fileID: 0}
  m_PrefabInstance: {fileID: 0}
  m_PrefabAsset: {fileID: 0}
  m_GameObject: {fileID: 5520083414465931930}
  m_LocalRotation: {x: 0, y: -0, z: -0, w: 1}
  m_LocalPosition: {x: 0.0000000019477657, y: 2.1314514, z: 0.000000041371706}
  m_LocalScale: {x: 1, y: 1, z: 1}
  m_Children: []
  m_Father: {fileID: 5520083414465902324}
  m_RootOrder: 0
  m_LocalEulerAnglesHint: {x: 0, y: 0, z: 0}
--- !u!1 &5520083414465931932
GameObject:
  m_ObjectHideFlags: 0
  m_CorrespondingSourceObject: {fileID: 0}
  m_PrefabInstance: {fileID: 0}
  m_PrefabAsset: {fileID: 0}
  serializedVersion: 6
  m_Component:
  - component: {fileID: 5520083414465902332}
  m_Layer: 0
  m_Name: mixamorig:LeftHandThumb4
  m_TagString: Untagged
  m_Icon: {fileID: 0}
  m_NavMeshLayer: 0
  m_StaticEditorFlags: 0
  m_IsActive: 1
--- !u!4 &5520083414465902332
Transform:
  m_ObjectHideFlags: 0
  m_CorrespondingSourceObject: {fileID: 0}
  m_PrefabInstance: {fileID: 0}
  m_PrefabAsset: {fileID: 0}
  m_GameObject: {fileID: 5520083414465931932}
  m_LocalRotation: {x: 0, y: -0, z: -0, w: 1}
  m_LocalPosition: {x: -0.05901055, y: 0.42817152, z: -0.000000025621574}
  m_LocalScale: {x: 1, y: 1, z: 1}
  m_Children: []
  m_Father: {fileID: 5520083414465902274}
  m_RootOrder: 0
  m_LocalEulerAnglesHint: {x: 0, y: 0, z: 0}
--- !u!1 &5520083414465931934
GameObject:
  m_ObjectHideFlags: 0
  m_CorrespondingSourceObject: {fileID: 0}
  m_PrefabInstance: {fileID: 0}
  m_PrefabAsset: {fileID: 0}
  serializedVersion: 6
  m_Component:
  - component: {fileID: 5520083414465902334}
  m_Layer: 0
  m_Name: mixamorig:LeftLeg
  m_TagString: Untagged
  m_Icon: {fileID: 0}
  m_NavMeshLayer: 0
  m_StaticEditorFlags: 0
  m_IsActive: 1
--- !u!4 &5520083414465902334
Transform:
  m_ObjectHideFlags: 0
  m_CorrespondingSourceObject: {fileID: 0}
  m_PrefabInstance: {fileID: 0}
  m_PrefabAsset: {fileID: 0}
  m_GameObject: {fileID: 5520083414465931934}
  m_LocalRotation: {x: -0.10923611, y: -0.004274366, z: 0.036188073, w: 0.9933477}
  m_LocalPosition: {x: -2.164935e-15, y: 4.80775, z: 3.2259706e-10}
  m_LocalScale: {x: 1, y: 1, z: 1}
  m_Children:
  - {fileID: 5520083414465902288}
  m_Father: {fileID: 5520083414465902326}
  m_RootOrder: 0
  m_LocalEulerAnglesHint: {x: -55.045223, y: -43.378838, z: 33.780117}
--- !u!1 &5520083414465931940
GameObject:
  m_ObjectHideFlags: 0
  m_CorrespondingSourceObject: {fileID: 0}
  m_PrefabInstance: {fileID: 0}
  m_PrefabAsset: {fileID: 0}
  serializedVersion: 6
  m_Component:
  - component: {fileID: 5520083414465902212}
  - component: {fileID: 5520083414454429694}
  m_Layer: 0
  m_Name: RefRep.14.1
  m_TagString: Untagged
  m_Icon: {fileID: 0}
  m_NavMeshLayer: 0
  m_StaticEditorFlags: 0
  m_IsActive: 1
--- !u!4 &5520083414465902212
Transform:
  m_ObjectHideFlags: 0
  m_CorrespondingSourceObject: {fileID: 0}
  m_PrefabInstance: {fileID: 0}
  m_PrefabAsset: {fileID: 0}
  m_GameObject: {fileID: 5520083414465931940}
  m_LocalRotation: {x: 0, y: -0, z: -0, w: 1}
  m_LocalPosition: {x: -0.032599926, y: -44.124302, z: 0.23269844}
  m_LocalScale: {x: 1, y: 1, z: 1}
  m_Children: []
  m_Father: {fileID: 5520083414465902300}
  m_RootOrder: 1
  m_LocalEulerAnglesHint: {x: 0, y: 0, z: 0}
--- !u!137 &5520083414454429694
SkinnedMeshRenderer:
  m_ObjectHideFlags: 0
  m_CorrespondingSourceObject: {fileID: 0}
  m_PrefabInstance: {fileID: 0}
  m_PrefabAsset: {fileID: 0}
  m_GameObject: {fileID: 5520083414465931940}
  m_Enabled: 1
  m_CastShadows: 1
  m_ReceiveShadows: 1
  m_DynamicOccludee: 1
  m_MotionVectors: 1
  m_LightProbeUsage: 1
  m_ReflectionProbeUsage: 1
  m_RenderingLayerMask: 1
  m_RendererPriority: 0
  m_Materials:
  - {fileID: 2100000, guid: bb6c44f31d47a3c4bbc553ec3777d42f, type: 2}
  m_StaticBatchInfo:
    firstSubMesh: 0
    subMeshCount: 0
  m_StaticBatchRoot: {fileID: 0}
  m_ProbeAnchor: {fileID: 0}
  m_LightProbeVolumeOverride: {fileID: 0}
  m_ScaleInLightmap: 1
  m_PreserveUVs: 0
  m_IgnoreNormalsForChartDetection: 0
  m_ImportantGI: 0
  m_StitchLightmapSeams: 0
  m_SelectedEditorRenderState: 3
  m_MinimumChartSize: 4
  m_AutoUVMaxDistance: 0.5
  m_AutoUVMaxAngle: 89
  m_LightmapParameters: {fileID: 0}
  m_SortingLayerID: 0
  m_SortingLayer: 0
  m_SortingOrder: 0
  serializedVersion: 2
  m_Quality: 0
  m_UpdateWhenOffscreen: 0
  m_SkinnedMotionVectors: 1
  m_Mesh: {fileID: 4300002, guid: 7f230736b33131b49b1a69a76770718e, type: 3}
  m_Bones:
  - {fileID: 5520083414465902296}
  - {fileID: 5520083414465902320}
  - {fileID: 5520083414465902328}
  - {fileID: 5520083414465902290}
  - {fileID: 5520083414465902216}
  - {fileID: 5520083414465902294}
  - {fileID: 5520083414465902284}
  - {fileID: 5520083414465902228}
  - {fileID: 5520083414465902292}
  - {fileID: 5520083414465902326}
  - {fileID: 5520083414465902220}
  - {fileID: 5520083414465902322}
  - {fileID: 5520083414465902318}
  - {fileID: 5520083414465902312}
  - {fileID: 5520083414465902314}
  - {fileID: 5520083414465902306}
  - {fileID: 5520083414465902308}
  - {fileID: 5520083414465902310}
  - {fileID: 5520083414465902236}
  - {fileID: 5520083414465902238}
  - {fileID: 5520083414465902286}
  - {fileID: 5520083414465902278}
  - {fileID: 5520083414465902222}
  - {fileID: 5520083414465902226}
  - {fileID: 5520083414465902334}
  - {fileID: 5520083414465902288}
  - {fileID: 5520083414465902234}
  - {fileID: 5520083414465902316}
  - {fileID: 5520083414465902324}
  - {fileID: 5520083414465902224}
  - {fileID: 5520083414465902280}
  - {fileID: 5520083414465902282}
  - {fileID: 5520083414465902272}
  - {fileID: 5520083414465902274}
  m_BlendShapeWeights: []
  m_RootBone: {fileID: 5520083414465902292}
  m_AABB:
    m_Center: {x: 0.09009647, y: -1.4456615, z: 0.46342278}
    m_Extent: {x: 9.605088, y: 10.923, z: 4.439843}
  m_DirtyAABB: 0
--- !u!1 &5520083414465931942
GameObject:
  m_ObjectHideFlags: 0
  m_CorrespondingSourceObject: {fileID: 0}
  m_PrefabInstance: {fileID: 0}
  m_PrefabAsset: {fileID: 0}
  serializedVersion: 6
  m_Component:
  - component: {fileID: 5520083414465902214}
  - component: {fileID: 5520083414454429688}
  m_Layer: 0
  m_Name: RefRep.15.1
  m_TagString: Untagged
  m_Icon: {fileID: 0}
  m_NavMeshLayer: 0
  m_StaticEditorFlags: 0
  m_IsActive: 1
--- !u!4 &5520083414465902214
Transform:
  m_ObjectHideFlags: 0
  m_CorrespondingSourceObject: {fileID: 0}
  m_PrefabInstance: {fileID: 0}
  m_PrefabAsset: {fileID: 0}
  m_GameObject: {fileID: 5520083414465931942}
  m_LocalRotation: {x: 0, y: -0, z: -0, w: 1}
  m_LocalPosition: {x: -0.032599926, y: -44.124302, z: 0.23269844}
  m_LocalScale: {x: 1, y: 1, z: 1}
  m_Children: []
  m_Father: {fileID: 5520083414465902300}
  m_RootOrder: 2
  m_LocalEulerAnglesHint: {x: 0, y: 0, z: 0}
--- !u!137 &5520083414454429688
SkinnedMeshRenderer:
  m_ObjectHideFlags: 0
  m_CorrespondingSourceObject: {fileID: 0}
  m_PrefabInstance: {fileID: 0}
  m_PrefabAsset: {fileID: 0}
  m_GameObject: {fileID: 5520083414465931942}
  m_Enabled: 1
  m_CastShadows: 1
  m_ReceiveShadows: 1
  m_DynamicOccludee: 1
  m_MotionVectors: 1
  m_LightProbeUsage: 1
  m_ReflectionProbeUsage: 1
  m_RenderingLayerMask: 1
  m_RendererPriority: 0
  m_Materials:
  - {fileID: 2100000, guid: a4317e60301866041b822114ccb548b3, type: 2}
  m_StaticBatchInfo:
    firstSubMesh: 0
    subMeshCount: 0
  m_StaticBatchRoot: {fileID: 0}
  m_ProbeAnchor: {fileID: 0}
  m_LightProbeVolumeOverride: {fileID: 0}
  m_ScaleInLightmap: 1
  m_PreserveUVs: 0
  m_IgnoreNormalsForChartDetection: 0
  m_ImportantGI: 0
  m_StitchLightmapSeams: 0
  m_SelectedEditorRenderState: 3
  m_MinimumChartSize: 4
  m_AutoUVMaxDistance: 0.5
  m_AutoUVMaxAngle: 89
  m_LightmapParameters: {fileID: 0}
  m_SortingLayerID: 0
  m_SortingLayer: 0
  m_SortingOrder: 0
  serializedVersion: 2
  m_Quality: 0
  m_UpdateWhenOffscreen: 0
  m_SkinnedMotionVectors: 1
  m_Mesh: {fileID: 4300000, guid: 7f230736b33131b49b1a69a76770718e, type: 3}
  m_Bones:
  - {fileID: 5520083414465902296}
  - {fileID: 5520083414465902320}
  m_BlendShapeWeights: []
  m_RootBone: {fileID: 5520083414465902320}
  m_AABB:
    m_Center: {x: -0.010008454, y: 5.462818, z: 1.4365388}
    m_Extent: {x: 1.4650999, y: 1.2736006, z: 1.4962999}
  m_DirtyAABB: 0
--- !u!1 &5520083414465931944
GameObject:
  m_ObjectHideFlags: 0
  m_CorrespondingSourceObject: {fileID: 0}
  m_PrefabInstance: {fileID: 0}
  m_PrefabAsset: {fileID: 0}
  serializedVersion: 6
  m_Component:
  - component: {fileID: 5520083414465902216}
  m_Layer: 0
  m_Name: mixamorig:Spine2
  m_TagString: Untagged
  m_Icon: {fileID: 0}
  m_NavMeshLayer: 0
  m_StaticEditorFlags: 0
  m_IsActive: 1
--- !u!4 &5520083414465902216
Transform:
  m_ObjectHideFlags: 0
  m_CorrespondingSourceObject: {fileID: 0}
  m_PrefabInstance: {fileID: 0}
  m_PrefabAsset: {fileID: 0}
  m_GameObject: {fileID: 5520083414465931944}
  m_LocalRotation: {x: -2.7755576e-17, y: -1e-45, z: 5.04871e-29, w: 1}
  m_LocalPosition: {x: -0, y: 0.6229484, z: -0.000000002548874}
  m_LocalScale: {x: 1, y: 1, z: 1}
  m_Children:
  - {fileID: 5520083414465902328}
  - {fileID: 5520083414465902320}
  - {fileID: 5520083414465902228}
  m_Father: {fileID: 5520083414465902222}
  m_RootOrder: 0
  m_LocalEulerAnglesHint: {x: -5.9656687, y: -7.0008106, z: -0.16972284}
--- !u!1 &5520083414465931946
GameObject:
  m_ObjectHideFlags: 0
  m_CorrespondingSourceObject: {fileID: 0}
  m_PrefabInstance: {fileID: 0}
  m_PrefabAsset: {fileID: 0}
  serializedVersion: 6
  m_Component:
  - component: {fileID: 5520083414465902218}
  - component: {fileID: 5520083414454429692}
  m_Layer: 0
  m_Name: RefRep.13.1
  m_TagString: Untagged
  m_Icon: {fileID: 0}
  m_NavMeshLayer: 0
  m_StaticEditorFlags: 0
  m_IsActive: 1
--- !u!4 &5520083414465902218
Transform:
  m_ObjectHideFlags: 0
  m_CorrespondingSourceObject: {fileID: 0}
  m_PrefabInstance: {fileID: 0}
  m_PrefabAsset: {fileID: 0}
  m_GameObject: {fileID: 5520083414465931946}
  m_LocalRotation: {x: 0, y: -0, z: -0, w: 1}
  m_LocalPosition: {x: -0.032599926, y: -44.124302, z: 0.23269844}
  m_LocalScale: {x: 1, y: 1, z: 1}
  m_Children: []
  m_Father: {fileID: 5520083414465902300}
  m_RootOrder: 0
  m_LocalEulerAnglesHint: {x: 0, y: 0, z: 0}
--- !u!137 &5520083414454429692
SkinnedMeshRenderer:
  m_ObjectHideFlags: 0
  m_CorrespondingSourceObject: {fileID: 0}
  m_PrefabInstance: {fileID: 0}
  m_PrefabAsset: {fileID: 0}
  m_GameObject: {fileID: 5520083414465931946}
  m_Enabled: 1
  m_CastShadows: 1
  m_ReceiveShadows: 1
  m_DynamicOccludee: 1
  m_MotionVectors: 1
  m_LightProbeUsage: 1
  m_ReflectionProbeUsage: 1
  m_RenderingLayerMask: 1
  m_RendererPriority: 0
  m_Materials:
  - {fileID: 2100000, guid: 89a3eaa232104d54f90b3d32ed3d2a21, type: 2}
  m_StaticBatchInfo:
    firstSubMesh: 0
    subMeshCount: 0
  m_StaticBatchRoot: {fileID: 0}
  m_ProbeAnchor: {fileID: 0}
  m_LightProbeVolumeOverride: {fileID: 0}
  m_ScaleInLightmap: 1
  m_PreserveUVs: 0
  m_IgnoreNormalsForChartDetection: 0
  m_ImportantGI: 0
  m_StitchLightmapSeams: 0
  m_SelectedEditorRenderState: 3
  m_MinimumChartSize: 4
  m_AutoUVMaxDistance: 0.5
  m_AutoUVMaxAngle: 89
  m_LightmapParameters: {fileID: 0}
  m_SortingLayerID: 0
  m_SortingLayer: 0
  m_SortingOrder: 0
  serializedVersion: 2
  m_Quality: 0
  m_UpdateWhenOffscreen: 0
  m_SkinnedMotionVectors: 1
  m_Mesh: {fileID: 4300004, guid: 7f230736b33131b49b1a69a76770718e, type: 3}
  m_Bones:
  - {fileID: 5520083414465902216}
  - {fileID: 5520083414465902320}
  - {fileID: 5520083414465902328}
  - {fileID: 5520083414465902290}
  - {fileID: 5520083414465902284}
  - {fileID: 5520083414465902292}
  - {fileID: 5520083414465902226}
  - {fileID: 5520083414465902228}
  - {fileID: 5520083414465902322}
  - {fileID: 5520083414465902326}
  - {fileID: 5520083414465902222}
  - {fileID: 5520083414465902220}
  - {fileID: 5520083414465902334}
  - {fileID: 5520083414465902234}
  - {fileID: 5520083414465902288}
  - {fileID: 5520083414465902296}
  m_BlendShapeWeights: []
  m_RootBone: {fileID: 5520083414465902292}
  m_AABB:
    m_Center: {x: 0.00044965744, y: -0.7706609, z: -2.7436965}
    m_Extent: {x: 4.4711204, y: 7.932821, z: 3.3554404}
  m_DirtyAABB: 0
--- !u!1 &5520083414465931948
GameObject:
  m_ObjectHideFlags: 0
  m_CorrespondingSourceObject: {fileID: 0}
  m_PrefabInstance: {fileID: 0}
  m_PrefabAsset: {fileID: 0}
  serializedVersion: 6
  m_Component:
  - component: {fileID: 5520083414465902220}
  m_Layer: 0
  m_Name: mixamorig:Spine
  m_TagString: Untagged
  m_Icon: {fileID: 0}
  m_NavMeshLayer: 0
  m_StaticEditorFlags: 0
  m_IsActive: 1
--- !u!4 &5520083414465902220
Transform:
  m_ObjectHideFlags: 0
  m_CorrespondingSourceObject: {fileID: 0}
  m_PrefabInstance: {fileID: 0}
  m_PrefabAsset: {fileID: 0}
  m_GameObject: {fileID: 5520083414465931948}
  m_LocalRotation: {x: -0.28362677, y: 0.00057031633, z: -0.0017317582, w: 0.95893306}
  m_LocalPosition: {x: -0, y: 0.39210415, z: -0.254049}
  m_LocalScale: {x: 1, y: 1, z: 1}
  m_Children:
  - {fileID: 5520083414465902222}
  m_Father: {fileID: 5520083414465902292}
  m_RootOrder: 2
  m_LocalEulerAnglesHint: {x: -21.892412, y: -3.9200695, z: 2.207777}
--- !u!1 &5520083414465931950
GameObject:
  m_ObjectHideFlags: 0
  m_CorrespondingSourceObject: {fileID: 0}
  m_PrefabInstance: {fileID: 0}
  m_PrefabAsset: {fileID: 0}
  serializedVersion: 6
  m_Component:
  - component: {fileID: 5520083414465902222}
  m_Layer: 0
  m_Name: mixamorig:Spine1
  m_TagString: Untagged
  m_Icon: {fileID: 0}
  m_NavMeshLayer: 0
  m_StaticEditorFlags: 0
  m_IsActive: 1
--- !u!4 &5520083414465902222
Transform:
  m_ObjectHideFlags: 0
  m_CorrespondingSourceObject: {fileID: 0}
  m_PrefabInstance: {fileID: 0}
  m_PrefabAsset: {fileID: 0}
  m_GameObject: {fileID: 5520083414465931950}
  m_LocalRotation: {x: -2.7755576e-17, y: -4.0668657e-13, z: 5.492838e-13, w: 1}
  m_LocalPosition: {x: -0, y: 0.5450799, z: 0.000000009079545}
  m_LocalScale: {x: 1, y: 1, z: 1}
  m_Children:
  - {fileID: 5520083414465902216}
  m_Father: {fileID: 5520083414465902220}
  m_RootOrder: 0
  m_LocalEulerAnglesHint: {x: 5.882092, y: -7.035616, z: -0.16694735}
--- !u!1 &5520083414465931952
GameObject:
  m_ObjectHideFlags: 0
  m_CorrespondingSourceObject: {fileID: 0}
  m_PrefabInstance: {fileID: 0}
  m_PrefabAsset: {fileID: 0}
  serializedVersion: 6
  m_Component:
  - component: {fileID: 5520083414465902224}
  m_Layer: 0
  m_Name: mixamorig:RightToeBase
  m_TagString: Untagged
  m_Icon: {fileID: 0}
  m_NavMeshLayer: 0
  m_StaticEditorFlags: 0
  m_IsActive: 1
--- !u!4 &5520083414465902224
Transform:
  m_ObjectHideFlags: 0
  m_CorrespondingSourceObject: {fileID: 0}
  m_PrefabInstance: {fileID: 0}
  m_PrefabAsset: {fileID: 0}
  m_GameObject: {fileID: 5520083414465931952}
  m_LocalRotation: {x: 0.18372923, y: -0.010368589, z: -0.055382207, w: 0.98136073}
  m_LocalPosition: {x: 0.000000011334823, y: 1.6693602, z: 0.000000013520521}
  m_LocalScale: {x: 1, y: 1, z: 1}
  m_Children:
  - {fileID: 5520083414465902230}
  m_Father: {fileID: 5520083414465902316}
  m_RootOrder: 0
  m_LocalEulerAnglesHint: {x: 20.10186, y: -2.4127557, z: -10.114091}
--- !u!1 &5520083414465931954
GameObject:
  m_ObjectHideFlags: 0
  m_CorrespondingSourceObject: {fileID: 0}
  m_PrefabInstance: {fileID: 0}
  m_PrefabAsset: {fileID: 0}
  serializedVersion: 6
  m_Component:
  - component: {fileID: 5520083414465902226}
  m_Layer: 0
  m_Name: mixamorig:RightUpLeg
  m_TagString: Untagged
  m_Icon: {fileID: 0}
  m_NavMeshLayer: 0
  m_StaticEditorFlags: 0
  m_IsActive: 1
--- !u!4 &5520083414465902226
Transform:
  m_ObjectHideFlags: 0
  m_CorrespondingSourceObject: {fileID: 0}
  m_PrefabInstance: {fileID: 0}
  m_PrefabAsset: {fileID: 0}
  m_GameObject: {fileID: 5520083414465931954}
  m_LocalRotation: {x: 0.0009491309, y: 0.09577327, z: 0.99528915, w: -0.015039131}
  m_LocalPosition: {x: 1.7587754, y: -0.21783447, z: 0.26350534}
  m_LocalScale: {x: 1, y: 1, z: 1}
  m_Children:
  - {fileID: 5520083414465902234}
  m_Father: {fileID: 5520083414465902292}
  m_RootOrder: 1
  m_LocalEulerAnglesHint: {x: -35.983707, y: -4.547986, z: -147.24869}
--- !u!1 &5520083414465931956
GameObject:
  m_ObjectHideFlags: 0
  m_CorrespondingSourceObject: {fileID: 0}
  m_PrefabInstance: {fileID: 0}
  m_PrefabAsset: {fileID: 0}
  serializedVersion: 6
  m_Component:
  - component: {fileID: 5520083414465902228}
  m_Layer: 0
  m_Name: mixamorig:RightShoulder
  m_TagString: Untagged
  m_Icon: {fileID: 0}
  m_NavMeshLayer: 0
  m_StaticEditorFlags: 0
  m_IsActive: 1
--- !u!4 &5520083414465902228
Transform:
  m_ObjectHideFlags: 0
  m_CorrespondingSourceObject: {fileID: 0}
  m_PrefabInstance: {fileID: 0}
  m_PrefabAsset: {fileID: 0}
  m_GameObject: {fileID: 5520083414465931956}
  m_LocalRotation: {x: 0.18091741, y: -0.13064016, z: -0.4315933, w: 0.87403053}
  m_LocalPosition: {x: 0.84006464, y: 0.7485293, z: 0.09781564}
  m_LocalScale: {x: 1, y: 1, z: 1}
  m_Children:
  - {fileID: 5520083414465902322}
  m_Father: {fileID: 5520083414465902216}
  m_RootOrder: 2
  m_LocalEulerAnglesHint: {x: 0.6483063, y: -44.946434, z: -62.625893}
--- !u!1 &5520083414465931958
GameObject:
  m_ObjectHideFlags: 0
  m_CorrespondingSourceObject: {fileID: 0}
  m_PrefabInstance: {fileID: 0}
  m_PrefabAsset: {fileID: 0}
  serializedVersion: 6
  m_Component:
  - component: {fileID: 5520083414465902230}
  m_Layer: 0
  m_Name: mixamorig:RightToe_End
  m_TagString: Untagged
  m_Icon: {fileID: 0}
  m_NavMeshLayer: 0
  m_StaticEditorFlags: 0
  m_IsActive: 1
--- !u!4 &5520083414465902230
Transform:
  m_ObjectHideFlags: 0
  m_CorrespondingSourceObject: {fileID: 0}
  m_PrefabInstance: {fileID: 0}
  m_PrefabAsset: {fileID: 0}
  m_GameObject: {fileID: 5520083414465931958}
  m_LocalRotation: {x: 0, y: -0, z: -0, w: 1}
  m_LocalPosition: {x: 0.00000001280066, y: 2.0995605, z: -0.000000013121776}
  m_LocalScale: {x: 1, y: 1, z: 1}
  m_Children: []
  m_Father: {fileID: 5520083414465902224}
  m_RootOrder: 0
  m_LocalEulerAnglesHint: {x: 0, y: 0, z: 0}
--- !u!1 &5520083414465931960
GameObject:
  m_ObjectHideFlags: 0
  m_CorrespondingSourceObject: {fileID: 0}
  m_PrefabInstance: {fileID: 0}
  m_PrefabAsset: {fileID: 0}
  serializedVersion: 6
  m_Component:
  - component: {fileID: 5520083414465902232}
  m_Layer: 0
  m_Name: mixamorig:RightHandThumb4
  m_TagString: Untagged
  m_Icon: {fileID: 0}
  m_NavMeshLayer: 0
  m_StaticEditorFlags: 0
  m_IsActive: 1
--- !u!4 &5520083414465902232
Transform:
  m_ObjectHideFlags: 0
  m_CorrespondingSourceObject: {fileID: 0}
  m_PrefabInstance: {fileID: 0}
  m_PrefabAsset: {fileID: 0}
  m_GameObject: {fileID: 5520083414465931960}
  m_LocalRotation: {x: 0, y: -0, z: -0, w: 1}
  m_LocalPosition: {x: 0.046461646, y: 0.3934726, z: 0.0000000043051562}
  m_LocalScale: {x: 1, y: 1, z: 1}
  m_Children: []
  m_Father: {fileID: 5520083414465902238}
  m_RootOrder: 0
  m_LocalEulerAnglesHint: {x: 0, y: 0, z: 0}
--- !u!1 &5520083414465931962
GameObject:
  m_ObjectHideFlags: 0
  m_CorrespondingSourceObject: {fileID: 0}
  m_PrefabInstance: {fileID: 0}
  m_PrefabAsset: {fileID: 0}
  serializedVersion: 6
  m_Component:
  - component: {fileID: 5520083414465902234}
  m_Layer: 0
  m_Name: mixamorig:RightLeg
  m_TagString: Untagged
  m_Icon: {fileID: 0}
  m_NavMeshLayer: 0
  m_StaticEditorFlags: 0
  m_IsActive: 1
--- !u!4 &5520083414465902234
Transform:
  m_ObjectHideFlags: 0
  m_CorrespondingSourceObject: {fileID: 0}
  m_PrefabInstance: {fileID: 0}
  m_PrefabAsset: {fileID: 0}
  m_GameObject: {fileID: 5520083414465931962}
  m_LocalRotation: {x: -0.2371936, y: -0.08141378, z: -0.016592156, w: 0.9679028}
  m_LocalPosition: {x: 5.7731597e-15, y: 4.8036227, z: -0.0000000068617227}
  m_LocalScale: {x: 1, y: 1, z: 1}
  m_Children:
  - {fileID: 5520083414465902316}
  m_Father: {fileID: 5520083414465902226}
  m_RootOrder: 0
  m_LocalEulerAnglesHint: {x: -73.66211, y: -22.526188, z: 25.92872}
--- !u!1 &5520083414465931964
GameObject:
  m_ObjectHideFlags: 0
  m_CorrespondingSourceObject: {fileID: 0}
  m_PrefabInstance: {fileID: 0}
  m_PrefabAsset: {fileID: 0}
  serializedVersion: 6
  m_Component:
  - component: {fileID: 5520083414465902236}
  m_Layer: 0
  m_Name: mixamorig:RightHandThumb2
  m_TagString: Untagged
  m_Icon: {fileID: 0}
  m_NavMeshLayer: 0
  m_StaticEditorFlags: 0
  m_IsActive: 1
--- !u!4 &5520083414465902236
Transform:
  m_ObjectHideFlags: 0
  m_CorrespondingSourceObject: {fileID: 0}
  m_PrefabInstance: {fileID: 0}
  m_PrefabAsset: {fileID: 0}
  m_GameObject: {fileID: 5520083414465931964}
  m_LocalRotation: {x: 0.00032686995, y: -0.004665925, z: 0.16630776, w: 0.9860628}
  m_LocalPosition: {x: -0.09455685, y: 0.39154637, z: 0.0000000016366535}
  m_LocalScale: {x: 1, y: 1, z: 1}
  m_Children:
  - {fileID: 5520083414465902238}
  m_Father: {fileID: 5520083414465902306}
  m_RootOrder: 0
  m_LocalEulerAnglesHint: {x: 13.474503, y: -7.7420683, z: 13.176321}
--- !u!1 &5520083414465931966
GameObject:
  m_ObjectHideFlags: 0
  m_CorrespondingSourceObject: {fileID: 0}
  m_PrefabInstance: {fileID: 0}
  m_PrefabAsset: {fileID: 0}
  serializedVersion: 6
  m_Component:
  - component: {fileID: 5520083414465902238}
  m_Layer: 0
  m_Name: mixamorig:RightHandThumb3
  m_TagString: Untagged
  m_Icon: {fileID: 0}
  m_NavMeshLayer: 0
  m_StaticEditorFlags: 0
  m_IsActive: 1
--- !u!4 &5520083414465902238
Transform:
  m_ObjectHideFlags: 0
  m_CorrespondingSourceObject: {fileID: 0}
  m_PrefabInstance: {fileID: 0}
  m_PrefabAsset: {fileID: 0}
  m_GameObject: {fileID: 5520083414465931966}
  m_LocalRotation: {x: 0.0002894552, y: 0.0026864964, z: 0.010271266, w: 0.9999436}
  m_LocalPosition: {x: 0.048095275, y: 0.49394923, z: -0.000000023690209}
  m_LocalScale: {x: 1, y: 1, z: 1}
  m_Children:
  - {fileID: 5520083414465902232}
  m_Father: {fileID: 5520083414465902236}
  m_RootOrder: 0
  m_LocalEulerAnglesHint: {x: 30.488993, y: -5.445641, z: -18.966646}
--- !u!1 &5520083414465932000
GameObject:
  m_ObjectHideFlags: 0
  m_CorrespondingSourceObject: {fileID: 0}
  m_PrefabInstance: {fileID: 0}
  m_PrefabAsset: {fileID: 0}
  serializedVersion: 6
  m_Component:
  - component: {fileID: 5520083414465902272}
  m_Layer: 0
  m_Name: mixamorig:LeftHandThumb2
  m_TagString: Untagged
  m_Icon: {fileID: 0}
  m_NavMeshLayer: 0
  m_StaticEditorFlags: 0
  m_IsActive: 1
--- !u!4 &5520083414465902272
Transform:
  m_ObjectHideFlags: 0
  m_CorrespondingSourceObject: {fileID: 0}
  m_PrefabInstance: {fileID: 0}
  m_PrefabAsset: {fileID: 0}
  m_GameObject: {fileID: 5520083414465932000}
  m_LocalRotation: {x: 0.00010159213, y: 0.0012116674, z: -0.13962087, w: 0.99020433}
  m_LocalPosition: {x: 0.08803458, y: 0.3869914, z: -0.000000006169187}
  m_LocalScale: {x: 1, y: 1, z: 1}
  m_Children:
  - {fileID: 5520083414465902274}
  m_Father: {fileID: 5520083414465902278}
  m_RootOrder: 0
  m_LocalEulerAnglesHint: {x: 11.755945, y: 7.5345254, z: -12.313112}
--- !u!1 &5520083414465932002
GameObject:
  m_ObjectHideFlags: 0
  m_CorrespondingSourceObject: {fileID: 0}
  m_PrefabInstance: {fileID: 0}
  m_PrefabAsset: {fileID: 0}
  serializedVersion: 6
  m_Component:
  - component: {fileID: 5520083414465902274}
  m_Layer: 0
  m_Name: mixamorig:LeftHandThumb3
  m_TagString: Untagged
  m_Icon: {fileID: 0}
  m_NavMeshLayer: 0
  m_StaticEditorFlags: 0
  m_IsActive: 1
--- !u!4 &5520083414465902274
Transform:
  m_ObjectHideFlags: 0
  m_CorrespondingSourceObject: {fileID: 0}
  m_PrefabInstance: {fileID: 0}
  m_PrefabAsset: {fileID: 0}
  m_GameObject: {fileID: 5520083414465932002}
  m_LocalRotation: {x: -0.0007799553, y: 0.008035717, z: -0.040165342, w: 0.99916047}
  m_LocalPosition: {x: -0.029024057, y: 0.5120579, z: 0.00000003215081}
  m_LocalScale: {x: 1, y: 1, z: 1}
  m_Children:
  - {fileID: 5520083414465902332}
  m_Father: {fileID: 5520083414465902272}
  m_RootOrder: 0
  m_LocalEulerAnglesHint: {x: 8.041628, y: 0.4857396, z: 1.594707}
--- !u!1 &5520083414465932004
GameObject:
  m_ObjectHideFlags: 0
  m_CorrespondingSourceObject: {fileID: 0}
  m_PrefabInstance: {fileID: 0}
  m_PrefabAsset: {fileID: 0}
  serializedVersion: 6
  m_Component:
  - component: {fileID: 5520083414465902276}
  m_Layer: 0
  m_Name: mixamorig:LeftHandIndex4
  m_TagString: Untagged
  m_Icon: {fileID: 0}
  m_NavMeshLayer: 0
  m_StaticEditorFlags: 0
  m_IsActive: 1
--- !u!4 &5520083414465902276
Transform:
  m_ObjectHideFlags: 0
  m_CorrespondingSourceObject: {fileID: 0}
  m_PrefabInstance: {fileID: 0}
  m_PrefabAsset: {fileID: 0}
  m_GameObject: {fileID: 5520083414465932004}
  m_LocalRotation: {x: 0, y: -0, z: -0, w: 1}
  m_LocalPosition: {x: 0.0066663288, y: 0.70570815, z: -4.9798565e-10}
  m_LocalScale: {x: 1, y: 1, z: 1}
  m_Children: []
  m_Father: {fileID: 5520083414465902282}
  m_RootOrder: 0
  m_LocalEulerAnglesHint: {x: 0, y: 0, z: 0}
--- !u!1 &5520083414465932006
GameObject:
  m_ObjectHideFlags: 0
  m_CorrespondingSourceObject: {fileID: 0}
  m_PrefabInstance: {fileID: 0}
  m_PrefabAsset: {fileID: 0}
  serializedVersion: 6
  m_Component:
  - component: {fileID: 5520083414465902278}
  m_Layer: 0
  m_Name: mixamorig:LeftHandThumb1
  m_TagString: Untagged
  m_Icon: {fileID: 0}
  m_NavMeshLayer: 0
  m_StaticEditorFlags: 0
  m_IsActive: 1
--- !u!4 &5520083414465902278
Transform:
  m_ObjectHideFlags: 0
  m_CorrespondingSourceObject: {fileID: 0}
  m_PrefabInstance: {fileID: 0}
  m_PrefabAsset: {fileID: 0}
  m_GameObject: {fileID: 5520083414465932006}
  m_LocalRotation: {x: -0.0036198923, y: 0.0026604934, z: -0.22770497, w: 0.97371984}
  m_LocalPosition: {x: 0.42886642, y: 0.24937189, z: -0.00000016708353}
  m_LocalScale: {x: 1, y: 1, z: 1}
  m_Children:
  - {fileID: 5520083414465902272}
  m_Father: {fileID: 5520083414465902284}
  m_RootOrder: 1
  m_LocalEulerAnglesHint: {x: -17.702759, y: -15.958337, z: -25.26146}
--- !u!1 &5520083414465932008
GameObject:
  m_ObjectHideFlags: 0
  m_CorrespondingSourceObject: {fileID: 0}
  m_PrefabInstance: {fileID: 0}
  m_PrefabAsset: {fileID: 0}
  serializedVersion: 6
  m_Component:
  - component: {fileID: 5520083414465902280}
  m_Layer: 0
  m_Name: mixamorig:LeftHandIndex2
  m_TagString: Untagged
  m_Icon: {fileID: 0}
  m_NavMeshLayer: 0
  m_StaticEditorFlags: 0
  m_IsActive: 1
--- !u!4 &5520083414465902280
Transform:
  m_ObjectHideFlags: 0
  m_CorrespondingSourceObject: {fileID: 0}
  m_PrefabInstance: {fileID: 0}
  m_PrefabAsset: {fileID: 0}
  m_GameObject: {fileID: 5520083414465932008}
  m_LocalRotation: {x: -0.000008579921, y: -0.0011237981, z: 0.113658346, w: 0.99351925}
  m_LocalPosition: {x: -0.08409152, y: 0.78914887, z: -0.000000012217141}
  m_LocalScale: {x: 1, y: 1, z: 1}
  m_Children:
  - {fileID: 5520083414465902282}
  m_Father: {fileID: 5520083414465902286}
  m_RootOrder: 0
  m_LocalEulerAnglesHint: {x: 3.015509, y: -0.02112744, z: 9.559762}
--- !u!1 &5520083414465932010
GameObject:
  m_ObjectHideFlags: 0
  m_CorrespondingSourceObject: {fileID: 0}
  m_PrefabInstance: {fileID: 0}
  m_PrefabAsset: {fileID: 0}
  serializedVersion: 6
  m_Component:
  - component: {fileID: 5520083414465902282}
  m_Layer: 0
  m_Name: mixamorig:LeftHandIndex3
  m_TagString: Untagged
  m_Icon: {fileID: 0}
  m_NavMeshLayer: 0
  m_StaticEditorFlags: 0
  m_IsActive: 1
--- !u!4 &5520083414465902282
Transform:
  m_ObjectHideFlags: 0
  m_CorrespondingSourceObject: {fileID: 0}
  m_PrefabInstance: {fileID: 0}
  m_PrefabAsset: {fileID: 0}
  m_GameObject: {fileID: 5520083414465932010}
  m_LocalRotation: {x: 0.0003098126, y: 0.0047204387, z: -0.056039453, w: 0.9984174}
  m_LocalPosition: {x: 0.07742526, y: 0.6331886, z: 0.000000033718376}
  m_LocalScale: {x: 1, y: 1, z: 1}
  m_Children:
  - {fileID: 5520083414465902276}
  m_Father: {fileID: 5520083414465902280}
  m_RootOrder: 0
  m_LocalEulerAnglesHint: {x: 4.8943415, y: -0.34140897, z: -12.243735}
--- !u!1 &5520083414465932012
GameObject:
  m_ObjectHideFlags: 0
  m_CorrespondingSourceObject: {fileID: 0}
  m_PrefabInstance: {fileID: 0}
  m_PrefabAsset: {fileID: 0}
  serializedVersion: 6
  m_Component:
  - component: {fileID: 5520083414465902284}
  m_Layer: 0
  m_Name: mixamorig:LeftHand
  m_TagString: Untagged
  m_Icon: {fileID: 0}
  m_NavMeshLayer: 0
  m_StaticEditorFlags: 0
  m_IsActive: 1
--- !u!4 &5520083414465902284
Transform:
  m_ObjectHideFlags: 0
  m_CorrespondingSourceObject: {fileID: 0}
  m_PrefabInstance: {fileID: 0}
  m_PrefabAsset: {fileID: 0}
  m_GameObject: {fileID: 5520083414465932012}
  m_LocalRotation: {x: 0.03203325, y: -0.10130543, z: 0.0032636956, w: 0.99433416}
  m_LocalPosition: {x: 0.000000039633285, y: 2.84866, z: -0.000000025970767}
  m_LocalScale: {x: 1, y: 1, z: 1}
  m_Children:
  - {fileID: 5520083414465902286}
  - {fileID: 5520083414465902278}
  m_Father: {fileID: 5520083414465902290}
  m_RootOrder: 0
  m_LocalEulerAnglesHint: {x: -3.2901406, y: -13.675843, z: 2.4363098}
--- !u!1 &5520083414465932014
GameObject:
  m_ObjectHideFlags: 0
  m_CorrespondingSourceObject: {fileID: 0}
  m_PrefabInstance: {fileID: 0}
  m_PrefabAsset: {fileID: 0}
  serializedVersion: 6
  m_Component:
  - component: {fileID: 5520083414465902286}
  m_Layer: 0
  m_Name: mixamorig:LeftHandIndex1
  m_TagString: Untagged
  m_Icon: {fileID: 0}
  m_NavMeshLayer: 0
  m_StaticEditorFlags: 0
  m_IsActive: 1
--- !u!4 &5520083414465902286
Transform:
  m_ObjectHideFlags: 0
  m_CorrespondingSourceObject: {fileID: 0}
  m_PrefabInstance: {fileID: 0}
  m_PrefabAsset: {fileID: 0}
  m_GameObject: {fileID: 5520083414465932014}
  m_LocalRotation: {x: -0.029631069, y: -0.048509125, z: -0.05146967, w: 0.9970556}
  m_LocalPosition: {x: -0.0000000058231526, y: 0.88837755, z: -0.05725224}
  m_LocalScale: {x: 1, y: 1, z: 1}
  m_Children:
  - {fileID: 5520083414465902280}
  m_Father: {fileID: 5520083414465902284}
  m_RootOrder: 0
  m_LocalEulerAnglesHint: {x: -7.6105576, y: -3.439635, z: -9.879318}
--- !u!1 &5520083414465932016
GameObject:
  m_ObjectHideFlags: 0
  m_CorrespondingSourceObject: {fileID: 0}
  m_PrefabInstance: {fileID: 0}
  m_PrefabAsset: {fileID: 0}
  serializedVersion: 6
  m_Component:
  - component: {fileID: 5520083414465902288}
  m_Layer: 0
  m_Name: mixamorig:LeftFoot
  m_TagString: Untagged
  m_Icon: {fileID: 0}
  m_NavMeshLayer: 0
  m_StaticEditorFlags: 0
  m_IsActive: 1
--- !u!4 &5520083414465902288
Transform:
  m_ObjectHideFlags: 0
  m_CorrespondingSourceObject: {fileID: 0}
  m_PrefabInstance: {fileID: 0}
  m_PrefabAsset: {fileID: 0}
  m_GameObject: {fileID: 5520083414465932016}
  m_LocalRotation: {x: 0.4320261, y: 0.15598665, z: -0.061772287, w: 0.8861184}
  m_LocalPosition: {x: -0.0000000030816305, y: 3.685699, z: 0.000000026176398}
  m_LocalScale: {x: 1, y: 1, z: 1}
  m_Children:
  - {fileID: 5520083414465902324}
  m_Father: {fileID: 5520083414465902334}
  m_RootOrder: 0
  m_LocalEulerAnglesHint: {x: 47.38434, y: 34.127647, z: 20.071316}
--- !u!1 &5520083414465932018
GameObject:
  m_ObjectHideFlags: 0
  m_CorrespondingSourceObject: {fileID: 0}
  m_PrefabInstance: {fileID: 0}
  m_PrefabAsset: {fileID: 0}
  serializedVersion: 6
  m_Component:
  - component: {fileID: 5520083414465902290}
  m_Layer: 0
  m_Name: mixamorig:LeftForeArm
  m_TagString: Untagged
  m_Icon: {fileID: 0}
  m_NavMeshLayer: 0
  m_StaticEditorFlags: 0
  m_IsActive: 1
--- !u!4 &5520083414465902290
Transform:
  m_ObjectHideFlags: 0
  m_CorrespondingSourceObject: {fileID: 0}
  m_PrefabInstance: {fileID: 0}
  m_PrefabAsset: {fileID: 0}
  m_GameObject: {fileID: 5520083414465932018}
  m_LocalRotation: {x: -0.00000013808823, y: -0.2625525, z: -0.00000027717317, w: 0.9649177}
  m_LocalPosition: {x: 0.00000001543625, y: 1.3237296, z: 0.000000007761019}
  m_LocalScale: {x: 1, y: 1, z: 1}
  m_Children:
  - {fileID: 5520083414465902284}
  m_Father: {fileID: 5520083414465902294}
  m_RootOrder: 0
  m_LocalEulerAnglesHint: {x: 1.2994865, y: -8.700846, z: -27.950693}
--- !u!1 &5520083414465932020
GameObject:
  m_ObjectHideFlags: 0
  m_CorrespondingSourceObject: {fileID: 0}
  m_PrefabInstance: {fileID: 0}
  m_PrefabAsset: {fileID: 0}
  serializedVersion: 6
  m_Component:
  - component: {fileID: 5520083414465902292}
  m_Layer: 0
  m_Name: mixamorig:Hips
  m_TagString: Untagged
  m_Icon: {fileID: 0}
  m_NavMeshLayer: 0
  m_StaticEditorFlags: 0
  m_IsActive: 1
--- !u!4 &5520083414465902292
Transform:
  m_ObjectHideFlags: 0
  m_CorrespondingSourceObject: {fileID: 0}
  m_PrefabInstance: {fileID: 0}
  m_PrefabAsset: {fileID: 0}
  m_GameObject: {fileID: 5520083414465932020}
  m_LocalRotation: {x: 0.0001214904, y: -0.000055943507, z: 0.0018223932, w: 0.99999833}
  m_LocalPosition: {x: -0.0028785835, y: 10.718154, z: -0.4052717}
  m_LocalScale: {x: 1, y: 1, z: 1}
  m_Children:
  - {fileID: 5520083414465902326}
  - {fileID: 5520083414465902226}
  - {fileID: 5520083414465902220}
  m_Father: {fileID: 5520083414465902302}
  m_RootOrder: 1
  m_LocalEulerAnglesHint: {x: 7.5255036, y: 50.003025, z: -2.9345417}
--- !u!1 &5520083414465932022
GameObject:
  m_ObjectHideFlags: 0
  m_CorrespondingSourceObject: {fileID: 0}
  m_PrefabInstance: {fileID: 0}
  m_PrefabAsset: {fileID: 0}
  serializedVersion: 6
  m_Component:
  - component: {fileID: 5520083414465902294}
  m_Layer: 0
  m_Name: mixamorig:LeftArm
  m_TagString: Untagged
  m_Icon: {fileID: 0}
  m_NavMeshLayer: 0
  m_StaticEditorFlags: 0
  m_IsActive: 1
--- !u!4 &5520083414465902294
Transform:
  m_ObjectHideFlags: 0
  m_CorrespondingSourceObject: {fileID: 0}
  m_PrefabInstance: {fileID: 0}
  m_PrefabAsset: {fileID: 0}
  m_GameObject: {fileID: 5520083414465932022}
  m_LocalRotation: {x: -0.17995185, y: 0.7928048, z: -0.33702132, w: -0.4748626}
  m_LocalPosition: {x: -0.0000000040724153, y: 2.0592833, z: -0.0000000029376874}
  m_LocalScale: {x: 1, y: 1, z: 1}
  m_Children:
  - {fileID: 5520083414465902290}
  m_Father: {fileID: 5520083414465902328}
  m_RootOrder: 0
  m_LocalEulerAnglesHint: {x: 77.64135, y: -46.73129, z: 67.36788}
--- !u!1 &5520083414465932024
GameObject:
  m_ObjectHideFlags: 0
  m_CorrespondingSourceObject: {fileID: 0}
  m_PrefabInstance: {fileID: 0}
  m_PrefabAsset: {fileID: 0}
  serializedVersion: 6
  m_Component:
  - component: {fileID: 5520083414465902296}
  m_Layer: 0
  m_Name: mixamorig:Head
  m_TagString: Untagged
  m_Icon: {fileID: 0}
  m_NavMeshLayer: 0
  m_StaticEditorFlags: 0
  m_IsActive: 1
--- !u!4 &5520083414465902296
Transform:
  m_ObjectHideFlags: 0
  m_CorrespondingSourceObject: {fileID: 0}
  m_PrefabInstance: {fileID: 0}
  m_PrefabAsset: {fileID: 0}
  m_GameObject: {fileID: 5520083414465932024}
  m_LocalRotation: {x: 0, y: 0, z: 4.2894338e-30, w: 1}
  m_LocalPosition: {x: -0, y: 5.065262, z: 1.7591169}
  m_LocalScale: {x: 1, y: 1, z: 1}
  m_Children:
  - {fileID: 5520083414465902298}
  m_Father: {fileID: 5520083414465902320}
  m_RootOrder: 0
  m_LocalEulerAnglesHint: {x: -3.8123193, y: -23.216236, z: 5.156792}
--- !u!1 &5520083414465932026
GameObject:
  m_ObjectHideFlags: 0
  m_CorrespondingSourceObject: {fileID: 0}
  m_PrefabInstance: {fileID: 0}
  m_PrefabAsset: {fileID: 0}
  serializedVersion: 6
  m_Component:
  - component: {fileID: 5520083414465902298}
  m_Layer: 0
  m_Name: mixamorig:HeadTop_End
  m_TagString: Untagged
  m_Icon: {fileID: 0}
  m_NavMeshLayer: 0
  m_StaticEditorFlags: 0
  m_IsActive: 1
--- !u!4 &5520083414465902298
Transform:
  m_ObjectHideFlags: 0
  m_CorrespondingSourceObject: {fileID: 0}
  m_PrefabInstance: {fileID: 0}
  m_PrefabAsset: {fileID: 0}
  m_GameObject: {fileID: 5520083414465932026}
  m_LocalRotation: {x: 0, y: -0, z: -0, w: 1}
  m_LocalPosition: {x: -0, y: 2.0125885, z: 0.6989527}
  m_LocalScale: {x: 1, y: 1, z: 1}
  m_Children: []
  m_Father: {fileID: 5520083414465902296}
  m_RootOrder: 0
  m_LocalEulerAnglesHint: {x: 0, y: 0, z: 0}
--- !u!1 &5520083414465932028
GameObject:
  m_ObjectHideFlags: 0
  m_CorrespondingSourceObject: {fileID: 0}
  m_PrefabInstance: {fileID: 0}
  m_PrefabAsset: {fileID: 0}
  serializedVersion: 6
  m_Component:
  - component: {fileID: 5520083414465902300}
  m_Layer: 0
  m_Name: cadnav
  m_TagString: Untagged
  m_Icon: {fileID: 0}
  m_NavMeshLayer: 0
  m_StaticEditorFlags: 0
  m_IsActive: 1
--- !u!4 &5520083414465902300
Transform:
  m_ObjectHideFlags: 0
  m_CorrespondingSourceObject: {fileID: 0}
  m_PrefabInstance: {fileID: 0}
  m_PrefabAsset: {fileID: 0}
  m_GameObject: {fileID: 5520083414465932028}
  m_LocalRotation: {x: -0.7071068, y: 0, z: -0, w: 0.7071068}
  m_LocalPosition: {x: 1.3835945, y: 10.06077, z: -0.82112885}
  m_LocalScale: {x: 1, y: 1, z: 1}
  m_Children:
  - {fileID: 5520083414465902218}
  - {fileID: 5520083414465902212}
  - {fileID: 5520083414465902214}
  m_Father: {fileID: 5520083414465902302}
  m_RootOrder: 0
  m_LocalEulerAnglesHint: {x: 0, y: 0, z: 0}
--- !u!1 &5520083414465932030
GameObject:
  m_ObjectHideFlags: 0
  m_CorrespondingSourceObject: {fileID: 0}
  m_PrefabInstance: {fileID: 0}
  m_PrefabAsset: {fileID: 0}
  serializedVersion: 6
  m_Component:
  - component: {fileID: 5520083414465902302}
  - component: {fileID: 5520083414458636604}
  - component: {fileID: 5520083414465932019}
  - component: {fileID: 5520083414465932017}
  - component: {fileID: 5520083414465932031}
  - component: {fileID: 611536320284114395}
  - component: {fileID: 2018344158149684043}
  - component: {fileID: 2995783049601156923}
  - component: {fileID: 2549130020315382744}
  - component: {fileID: 6206970054250732723}
  - component: {fileID: 7389798640011693924}
  - component: {fileID: 5446460336148273862}
  m_Layer: 0
  m_Name: King
  m_TagString: Enemy
  m_Icon: {fileID: 0}
  m_NavMeshLayer: 0
  m_StaticEditorFlags: 0
  m_IsActive: 1
--- !u!4 &5520083414465902302
Transform:
  m_ObjectHideFlags: 0
  m_CorrespondingSourceObject: {fileID: 0}
  m_PrefabInstance: {fileID: 0}
  m_PrefabAsset: {fileID: 0}
  m_GameObject: {fileID: 5520083414465932030}
  m_LocalRotation: {x: 0, y: 0, z: 0, w: 1}
  m_LocalPosition: {x: -2.285, y: 1.205, z: 0.202}
  m_LocalScale: {x: 0.11, y: 0.11, z: 0.11}
  m_Children:
  - {fileID: 5520083414465902300}
  - {fileID: 5520083414465902292}
  - {fileID: 8974957468793982794}
  - {fileID: 990798422141036130}
  - {fileID: 452052909452377463}
  - {fileID: 6483527604960541151}
  m_Father: {fileID: 0}
  m_RootOrder: 0
  m_LocalEulerAnglesHint: {x: 0, y: 0, z: 0}
--- !u!95 &5520083414458636604
Animator:
  serializedVersion: 3
  m_ObjectHideFlags: 0
  m_CorrespondingSourceObject: {fileID: 0}
  m_PrefabInstance: {fileID: 0}
  m_PrefabAsset: {fileID: 0}
  m_GameObject: {fileID: 5520083414465932030}
  m_Enabled: 1
  m_Avatar: {fileID: 9000000, guid: 7f230736b33131b49b1a69a76770718e, type: 3}
  m_Controller: {fileID: 9100000, guid: e178febdb6af1ad42a2f859caf925889, type: 2}
  m_CullingMode: 1
  m_UpdateMode: 0
  m_ApplyRootMotion: 0
  m_LinearVelocityBlending: 0
  m_WarningMessage: 
  m_HasTransformHierarchy: 1
  m_AllowConstantClipSamplingOptimization: 1
  m_KeepAnimatorControllerStateOnDisable: 0
--- !u!136 &5520083414465932019
CapsuleCollider:
  m_ObjectHideFlags: 0
  m_CorrespondingSourceObject: {fileID: 0}
  m_PrefabInstance: {fileID: 0}
  m_PrefabAsset: {fileID: 0}
  m_GameObject: {fileID: 5520083414465932030}
  m_Material: {fileID: 0}
  m_IsTrigger: 0
  m_Enabled: 1
  m_Radius: 3.876116
  m_Height: 20.359993
  m_Direction: 1
  m_Center: {x: -0.046979297, y: 9.710056, z: 0.8606347}
--- !u!54 &5520083414465932017
Rigidbody:
  m_ObjectHideFlags: 0
  m_CorrespondingSourceObject: {fileID: 0}
  m_PrefabInstance: {fileID: 0}
  m_PrefabAsset: {fileID: 0}
  m_GameObject: {fileID: 5520083414465932030}
  serializedVersion: 2
  m_Mass: 1
  m_Drag: 0
  m_AngularDrag: 0.05
  m_UseGravity: 1
  m_IsKinematic: 0
  m_Interpolate: 0
  m_Constraints: 112
  m_CollisionDetection: 2
--- !u!114 &5520083414465932031
MonoBehaviour:
  m_ObjectHideFlags: 0
  m_CorrespondingSourceObject: {fileID: 0}
  m_PrefabInstance: {fileID: 0}
  m_PrefabAsset: {fileID: 0}
  m_GameObject: {fileID: 5520083414465932030}
  m_Enabled: 1
  m_EditorHideFlags: 0
  m_Script: {fileID: 11500000, guid: 8d7b55c7ecdb49a4a89fa5e6f9022861, type: 3}
  m_Name: 
  m_EditorClassIdentifier: 
  startWhenEnabled: 1
  asynchronousLoad: 0
  pauseWhenDisabled: 0
  restartWhenComplete: 1
  logTaskChanges: 0
  group: 0
  resetValuesOnRestart: 1
  externalBehavior: {fileID: 11400000, guid: 186d8b718c4abe549baa4ce79c2619cd, type: 2}
  mBehaviorSource:
    behaviorName: Behavior
    behaviorDescription: 
    mTaskData:
      types: []
      parentIndex: 
      startIndex: 
      variableStartIndex: 00000000
      JSONSerialization: 
      fieldSerializationData:
        typeName: []
        fieldNameHash: f9be55564aaa52567707a104
        startIndex: 000000000100000002000000
        dataPosition: 00000000280000002e000000
        unityObjects: []
        byteData: 4265686176696f7244657369676e65722e52756e74696d652e5368617265645472616e73666f726d54617267657401
        byteDataArray: 4265686176696f7244657369676e65722e52756e74696d652e5368617265645472616e73666f726d54617267657401
      Version: 1.6.4
  gizmoViewMode: 2
  showBehaviorDesignerGizmo: 1
--- !u!114 &611536320284114395
MonoBehaviour:
  m_ObjectHideFlags: 0
  m_CorrespondingSourceObject: {fileID: 0}
  m_PrefabInstance: {fileID: 0}
  m_PrefabAsset: {fileID: 0}
  m_GameObject: {fileID: 5520083414465932030}
  m_Enabled: 1
  m_EditorHideFlags: 0
  m_Script: {fileID: 11500000, guid: cb88ced8d691d6c4d9a83cb8ad552e3f, type: 3}
  m_Name: 
  m_EditorClassIdentifier: 
  DefaultParameters:
    Gravity: -30
    FallMultiplier: 1
    AscentMultiplier: 1
    SpeedAccelerationOnGround: 20
    SpeedAccelerationOnAir: 5
    SpeedFactor: 1
    MaximumSlopeAngle: 30
  GroundMask:
    serializedVersion: 2
    m_Bits: 512
  HorizontalDistance: 3
  VerticalDistance: 1.1
  DefaultGravityActive: 1
--- !u!114 &2018344158149684043
MonoBehaviour:
  m_ObjectHideFlags: 0
  m_CorrespondingSourceObject: {fileID: 0}
  m_PrefabInstance: {fileID: 0}
  m_PrefabAsset: {fileID: 0}
  m_GameObject: {fileID: 5520083414465932030}
  m_Enabled: 1
  m_EditorHideFlags: 0
  m_Script: {fileID: 11500000, guid: 5a186af2f06dc0e47ac623b05b63ba7a, type: 3}
  m_Name: 
  m_EditorClassIdentifier: 
  InfiniteHealth: 0
  MaximumHealth: 10
  DamageDuration: 1
  CurrentHealth: 0
  OnDamageEvent:
    m_PersistentCalls:
      m_Calls:
      - m_Target: {fileID: 2995783049601156923}
        m_MethodName: AgentDamaged
        m_Mode: 0
        m_Arguments:
          m_ObjectArgument: {fileID: 0}
          m_ObjectArgumentAssemblyTypeName: UnityEngine.Object, UnityEngine
          m_IntArgument: 0
          m_FloatArgument: 0
          m_StringArgument: 
          m_BoolArgument: 0
        m_CallState: 2
      - m_Target: {fileID: 8770455185133301953}
        m_MethodName: ShowBar
        m_Mode: 1
        m_Arguments:
          m_ObjectArgument: {fileID: 0}
          m_ObjectArgumentAssemblyTypeName: UnityEngine.Object, UnityEngine
          m_IntArgument: 0
          m_FloatArgument: 0
          m_StringArgument: 
          m_BoolArgument: 0
        m_CallState: 2
  OnDeathEvent:
    m_PersistentCalls:
      m_Calls:
      - m_Target: {fileID: 8770455185133301953}
        m_MethodName: HideBar
        m_Mode: 1
        m_Arguments:
          m_ObjectArgument: {fileID: 0}
          m_ObjectArgumentAssemblyTypeName: UnityEngine.Object, UnityEngine
          m_IntArgument: 0
          m_FloatArgument: 0
          m_StringArgument: 
          m_BoolArgument: 0
        m_CallState: 2
  OnKillEvent:
    m_PersistentCalls:
      m_Calls:
      - m_Target: {fileID: 2995783049601156923}
        m_MethodName: AgentDeath
        m_Mode: 0
        m_Arguments:
          m_ObjectArgument: {fileID: 0}
          m_ObjectArgumentAssemblyTypeName: UnityEngine.Object, UnityEngine
          m_IntArgument: 0
          m_FloatArgument: 0
          m_StringArgument: 
          m_BoolArgument: 0
        m_CallState: 2
--- !u!114 &2995783049601156923
MonoBehaviour:
  m_ObjectHideFlags: 0
  m_CorrespondingSourceObject: {fileID: 0}
  m_PrefabInstance: {fileID: 0}
  m_PrefabAsset: {fileID: 0}
  m_GameObject: {fileID: 5520083414465932030}
  m_Enabled: 1
  m_EditorHideFlags: 0
  m_Script: {fileID: 11500000, guid: f33090debafb22841963225a4687bf4d, type: 3}
  m_Name: 
  m_EditorClassIdentifier: 
  Data: {fileID: 11400000, guid: 5c788cfd73741644189c392e9959b6e5, type: 2}
  SendStateChangeEvents: 1
  CurrentStats:
    Health: 0
    Stamina: 0
    Attack: 0
    Defense: 0
    WalkingSpeed: 0
    RunningSpeed: 0
    CriticalChance: 0
    CriticalDamage: 0
  FadeDeathTime: 1
--- !u!114 &2549130020315382744
MonoBehaviour:
  m_ObjectHideFlags: 0
  m_CorrespondingSourceObject: {fileID: 0}
  m_PrefabInstance: {fileID: 0}
  m_PrefabAsset: {fileID: 0}
  m_GameObject: {fileID: 5520083414465932030}
  m_Enabled: 1
  m_EditorHideFlags: 0
  m_Script: {fileID: 11500000, guid: 92b51f6da709e80459563054a294231e, type: 3}
  m_Name: 
  m_EditorClassIdentifier: 
--- !u!114 &6206970054250732723
MonoBehaviour:
  m_ObjectHideFlags: 0
  m_CorrespondingSourceObject: {fileID: 0}
  m_PrefabInstance: {fileID: 0}
  m_PrefabAsset: {fileID: 0}
  m_GameObject: {fileID: 5520083414465932030}
  m_Enabled: 1
  m_EditorHideFlags: 0
  m_Script: {fileID: 11500000, guid: 5c5622f64d4443a48baddf5d651f17bb, type: 3}
  m_Name: 
  m_EditorClassIdentifier: 
--- !u!114 &7389798640011693924
MonoBehaviour:
  m_ObjectHideFlags: 0
  m_CorrespondingSourceObject: {fileID: 0}
  m_PrefabInstance: {fileID: 0}
  m_PrefabAsset: {fileID: 0}
  m_GameObject: {fileID: 5520083414465932030}
  m_Enabled: 1
  m_EditorHideFlags: 0
  m_Script: {fileID: 11500000, guid: c824f503bc02df548beb380e8aed3b4e, type: 3}
  m_Name: 
  m_EditorClassIdentifier: 
  RefreshRate: 1
--- !u!23 &5446460336148273862
MeshRenderer:
  m_ObjectHideFlags: 0
  m_CorrespondingSourceObject: {fileID: 0}
  m_PrefabInstance: {fileID: 0}
  m_PrefabAsset: {fileID: 0}
  m_GameObject: {fileID: 5520083414465932030}
  m_Enabled: 1
  m_CastShadows: 1
  m_ReceiveShadows: 1
  m_DynamicOccludee: 1
  m_MotionVectors: 1
  m_LightProbeUsage: 1
  m_ReflectionProbeUsage: 1
  m_RenderingLayerMask: 1
  m_RendererPriority: 0
  m_Materials:
  - {fileID: 0}
  m_StaticBatchInfo:
    firstSubMesh: 0
    subMeshCount: 0
  m_StaticBatchRoot: {fileID: 0}
  m_ProbeAnchor: {fileID: 0}
  m_LightProbeVolumeOverride: {fileID: 0}
  m_ScaleInLightmap: 1
  m_PreserveUVs: 0
  m_IgnoreNormalsForChartDetection: 0
  m_ImportantGI: 0
  m_StitchLightmapSeams: 0
  m_SelectedEditorRenderState: 3
  m_MinimumChartSize: 4
  m_AutoUVMaxDistance: 0.5
  m_AutoUVMaxAngle: 89
  m_LightmapParameters: {fileID: 0}
  m_SortingLayerID: 0
  m_SortingLayer: 0
  m_SortingOrder: 0
--- !u!1 &6309490560667557068
GameObject:
  m_ObjectHideFlags: 0
  m_CorrespondingSourceObject: {fileID: 0}
  m_PrefabInstance: {fileID: 0}
  m_PrefabAsset: {fileID: 0}
  serializedVersion: 6
  m_Component:
  - component: {fileID: 3020378815234498427}
  m_Layer: 5
  m_Name: Handle Slide Area
  m_TagString: Untagged
  m_Icon: {fileID: 0}
  m_NavMeshLayer: 0
  m_StaticEditorFlags: 0
  m_IsActive: 1
--- !u!224 &3020378815234498427
RectTransform:
  m_ObjectHideFlags: 0
  m_CorrespondingSourceObject: {fileID: 0}
  m_PrefabInstance: {fileID: 0}
  m_PrefabAsset: {fileID: 0}
  m_GameObject: {fileID: 6309490560667557068}
  m_LocalRotation: {x: 0, y: 0, z: 0, w: 1}
  m_LocalPosition: {x: 0, y: 0, z: 0}
  m_LocalScale: {x: 1, y: 1, z: 1}
  m_Children: []
  m_Father: {fileID: 384403677982081725}
  m_RootOrder: 2
  m_LocalEulerAnglesHint: {x: 0, y: 0, z: 0}
  m_AnchorMin: {x: 0, y: 0}
  m_AnchorMax: {x: 1, y: 1}
  m_AnchoredPosition: {x: 0, y: 0}
  m_SizeDelta: {x: -20, y: 0}
  m_Pivot: {x: 0.5, y: 0.5}
--- !u!1 &6785433330023951096
GameObject:
  m_ObjectHideFlags: 0
  m_CorrespondingSourceObject: {fileID: 0}
  m_PrefabInstance: {fileID: 0}
  m_PrefabAsset: {fileID: 0}
  serializedVersion: 6
  m_Component:
  - component: {fileID: 6483527604960541151}
  - component: {fileID: 7042303465632575358}
  - component: {fileID: 5694543046226208815}
  m_Layer: 13
  m_Name: DefenseBox
  m_TagString: Untagged
  m_Icon: {fileID: 0}
  m_NavMeshLayer: 0
  m_StaticEditorFlags: 0
  m_IsActive: 1
--- !u!4 &6483527604960541151
Transform:
  m_ObjectHideFlags: 0
  m_CorrespondingSourceObject: {fileID: 0}
  m_PrefabInstance: {fileID: 0}
  m_PrefabAsset: {fileID: 0}
  m_GameObject: {fileID: 6785433330023951096}
  m_LocalRotation: {x: -0, y: -0, z: -0, w: 1}
  m_LocalPosition: {x: -4.0142035, y: 12.115079, z: -2.002823}
  m_LocalScale: {x: 9.090909, y: 9.090909, z: 9.090909}
  m_Children: []
  m_Father: {fileID: 5520083414465902302}
  m_RootOrder: 5
  m_LocalEulerAnglesHint: {x: 0, y: 0, z: 0}
--- !u!136 &7042303465632575358
CapsuleCollider:
  m_ObjectHideFlags: 0
  m_CorrespondingSourceObject: {fileID: 0}
  m_PrefabInstance: {fileID: 0}
  m_PrefabAsset: {fileID: 0}
  m_GameObject: {fileID: 6785433330023951096}
  m_Material: {fileID: 0}
  m_IsTrigger: 1
  m_Enabled: 0
  m_Radius: 0.24331546
  m_Height: 2.0832999
  m_Direction: 1
  m_Center: {x: 0.43781447, y: -0.3319806, z: 0.14693516}
--- !u!114 &5694543046226208815
MonoBehaviour:
  m_ObjectHideFlags: 0
  m_CorrespondingSourceObject: {fileID: 0}
  m_PrefabInstance: {fileID: 0}
  m_PrefabAsset: {fileID: 0}
  m_GameObject: {fileID: 6785433330023951096}
  m_Enabled: 0
  m_EditorHideFlags: 0
  m_Script: {fileID: 11500000, guid: 2da263941f229d14c89651a40b9dbc21, type: 3}
  m_Name: 
  m_EditorClassIdentifier: 
--- !u!1 &6883706902148701230
GameObject:
  m_ObjectHideFlags: 0
  m_CorrespondingSourceObject: {fileID: 0}
  m_PrefabInstance: {fileID: 0}
  m_PrefabAsset: {fileID: 0}
  serializedVersion: 6
  m_Component:
  - component: {fileID: 8974957468793982794}
  - component: {fileID: 6369513735474422512}
  - component: {fileID: 6761240859754170962}
  - component: {fileID: 3919238343278666140}
  - component: {fileID: 8770455185133301953}
  - component: {fileID: 1559343907144702116}
  m_Layer: 5
  m_Name: HealthBar
  m_TagString: Untagged
  m_Icon: {fileID: 0}
  m_NavMeshLayer: 0
  m_StaticEditorFlags: 0
  m_IsActive: 1
--- !u!224 &8974957468793982794
RectTransform:
  m_ObjectHideFlags: 0
  m_CorrespondingSourceObject: {fileID: 0}
  m_PrefabInstance: {fileID: 0}
  m_PrefabAsset: {fileID: 0}
  m_GameObject: {fileID: 6883706902148701230}
  m_LocalRotation: {x: -0, y: -0, z: -0, w: 1}
  m_LocalPosition: {x: 0, y: 0, z: 0}
  m_LocalScale: {x: 1, y: 1, z: 1}
  m_Children:
  - {fileID: 384403677982081725}
  m_Father: {fileID: 5520083414465902302}
  m_RootOrder: 2
  m_LocalEulerAnglesHint: {x: 0, y: 0, z: 0}
  m_AnchorMin: {x: 0, y: 0}
  m_AnchorMax: {x: 0, y: 0}
  m_AnchoredPosition: {x: 0, y: 23.9}
  m_SizeDelta: {x: 20, y: 5}
  m_Pivot: {x: 0.5, y: 0.5}
--- !u!223 &6369513735474422512
Canvas:
  m_ObjectHideFlags: 0
  m_CorrespondingSourceObject: {fileID: 0}
  m_PrefabInstance: {fileID: 0}
  m_PrefabAsset: {fileID: 0}
  m_GameObject: {fileID: 6883706902148701230}
  m_Enabled: 1
  serializedVersion: 3
  m_RenderMode: 2
  m_Camera: {fileID: 0}
  m_PlaneDistance: 100
  m_PixelPerfect: 0
  m_ReceivesEvents: 1
  m_OverrideSorting: 0
  m_OverridePixelPerfect: 0
  m_SortingBucketNormalizedSize: 0
  m_AdditionalShaderChannelsFlag: 0
  m_SortingLayerID: 0
  m_SortingOrder: 0
  m_TargetDisplay: 0
--- !u!114 &6761240859754170962
MonoBehaviour:
  m_ObjectHideFlags: 0
  m_CorrespondingSourceObject: {fileID: 0}
  m_PrefabInstance: {fileID: 0}
  m_PrefabAsset: {fileID: 0}
  m_GameObject: {fileID: 6883706902148701230}
  m_Enabled: 1
  m_EditorHideFlags: 0
  m_Script: {fileID: 1980459831, guid: f70555f144d8491a825f0804e09c671c, type: 3}
  m_Name: 
  m_EditorClassIdentifier: 
  m_UiScaleMode: 0
  m_ReferencePixelsPerUnit: 100
  m_ScaleFactor: 1
  m_ReferenceResolution: {x: 800, y: 600}
  m_ScreenMatchMode: 0
  m_MatchWidthOrHeight: 0
  m_PhysicalUnit: 3
  m_FallbackScreenDPI: 96
  m_DefaultSpriteDPI: 96
  m_DynamicPixelsPerUnit: 1
--- !u!114 &3919238343278666140
MonoBehaviour:
  m_ObjectHideFlags: 0
  m_CorrespondingSourceObject: {fileID: 0}
  m_PrefabInstance: {fileID: 0}
  m_PrefabAsset: {fileID: 0}
  m_GameObject: {fileID: 6883706902148701230}
  m_Enabled: 1
  m_EditorHideFlags: 0
  m_Script: {fileID: 1301386320, guid: f70555f144d8491a825f0804e09c671c, type: 3}
  m_Name: 
  m_EditorClassIdentifier: 
  m_IgnoreReversedGraphics: 1
  m_BlockingObjects: 0
  m_BlockingMask:
    serializedVersion: 2
    m_Bits: 4294967295
--- !u!114 &8770455185133301953
MonoBehaviour:
  m_ObjectHideFlags: 0
  m_CorrespondingSourceObject: {fileID: 0}
  m_PrefabInstance: {fileID: 0}
  m_PrefabAsset: {fileID: 0}
  m_GameObject: {fileID: 6883706902148701230}
  m_Enabled: 1
  m_EditorHideFlags: 0
  m_Script: {fileID: 11500000, guid: 8e409857bf9b6894a971ee206111ba65, type: 3}
  m_Name: 
  m_EditorClassIdentifier: 
  Hp: {fileID: 4684508322400229195}
  ShowTime: 3
--- !u!225 &1559343907144702116
CanvasGroup:
  m_ObjectHideFlags: 0
  m_CorrespondingSourceObject: {fileID: 0}
  m_PrefabInstance: {fileID: 0}
  m_PrefabAsset: {fileID: 0}
  m_GameObject: {fileID: 6883706902148701230}
  m_Enabled: 1
  m_Alpha: 0
  m_Interactable: 0
  m_BlocksRaycasts: 0
  m_IgnoreParentGroups: 0
--- !u!1 &7184930855936489270
GameObject:
  m_ObjectHideFlags: 0
  m_CorrespondingSourceObject: {fileID: 0}
  m_PrefabInstance: {fileID: 0}
  m_PrefabAsset: {fileID: 0}
  serializedVersion: 6
  m_Component:
  - component: {fileID: 384403677982081725}
  - component: {fileID: 1664133807102466803}
  - component: {fileID: 4684508322400229195}
  m_Layer: 5
  m_Name: HP
  m_TagString: Untagged
  m_Icon: {fileID: 0}
  m_NavMeshLayer: 0
  m_StaticEditorFlags: 0
  m_IsActive: 1
--- !u!224 &384403677982081725
RectTransform:
  m_ObjectHideFlags: 0
  m_CorrespondingSourceObject: {fileID: 0}
  m_PrefabInstance: {fileID: 0}
  m_PrefabAsset: {fileID: 0}
  m_GameObject: {fileID: 7184930855936489270}
  m_LocalRotation: {x: 0, y: 0, z: 0, w: 1}
  m_LocalPosition: {x: 0, y: 0, z: 0}
  m_LocalScale: {x: 0.15, y: 0.15, z: 0.2}
  m_Children:
  - {fileID: 1960543025486558953}
  - {fileID: 5161452309719648344}
  - {fileID: 3020378815234498427}
  m_Father: {fileID: 8974957468793982794}
  m_RootOrder: 0
  m_LocalEulerAnglesHint: {x: 0, y: 0, z: 0}
  m_AnchorMin: {x: 0.5, y: 0.5}
  m_AnchorMax: {x: 0.5, y: 0.5}
  m_AnchoredPosition: {x: 0, y: 0}
  m_SizeDelta: {x: 160, y: 20}
  m_Pivot: {x: 0.5, y: 0.5}
--- !u!114 &1664133807102466803
MonoBehaviour:
  m_ObjectHideFlags: 0
  m_CorrespondingSourceObject: {fileID: 0}
  m_PrefabInstance: {fileID: 0}
  m_PrefabAsset: {fileID: 0}
  m_GameObject: {fileID: 7184930855936489270}
  m_Enabled: 1
  m_EditorHideFlags: 0
  m_Script: {fileID: -113659843, guid: f70555f144d8491a825f0804e09c671c, type: 3}
  m_Name: 
  m_EditorClassIdentifier: 
  m_Navigation:
    m_Mode: 3
    m_SelectOnUp: {fileID: 0}
    m_SelectOnDown: {fileID: 0}
    m_SelectOnLeft: {fileID: 0}
    m_SelectOnRight: {fileID: 0}
  m_Transition: 1
  m_Colors:
    m_NormalColor: {r: 1, g: 1, b: 1, a: 1}
    m_HighlightedColor: {r: 0.9607843, g: 0.9607843, b: 0.9607843, a: 1}
    m_PressedColor: {r: 0.78431374, g: 0.78431374, b: 0.78431374, a: 1}
    m_DisabledColor: {r: 0.78431374, g: 0.78431374, b: 0.78431374, a: 0.5019608}
    m_ColorMultiplier: 1
    m_FadeDuration: 0.1
  m_SpriteState:
    m_HighlightedSprite: {fileID: 0}
    m_PressedSprite: {fileID: 0}
    m_DisabledSprite: {fileID: 0}
  m_AnimationTriggers:
    m_NormalTrigger: Normal
    m_HighlightedTrigger: Highlighted
    m_PressedTrigger: Pressed
    m_DisabledTrigger: Disabled
  m_Interactable: 1
  m_TargetGraphic: {fileID: 0}
  m_FillRect: {fileID: 2094652787596939054}
  m_HandleRect: {fileID: 0}
  m_Direction: 1
  m_MinValue: 0
  m_MaxValue: 100
  m_WholeNumbers: 0
  m_Value: 100
  m_OnValueChanged:
    m_PersistentCalls:
      m_Calls: []
--- !u!114 &4684508322400229195
MonoBehaviour:
  m_ObjectHideFlags: 0
  m_CorrespondingSourceObject: {fileID: 0}
  m_PrefabInstance: {fileID: 0}
  m_PrefabAsset: {fileID: 0}
  m_GameObject: {fileID: 7184930855936489270}
  m_Enabled: 1
  m_EditorHideFlags: 0
  m_Script: {fileID: 11500000, guid: 37aa072e75deede4fbb7ead17f6924a3, type: 3}
  m_Name: 
  m_EditorClassIdentifier: 
  WhiteBar: {fileID: 157354368882569188}
  UpdateTime: 2
--- !u!1 &7658640960650709887
GameObject:
  m_ObjectHideFlags: 0
  m_CorrespondingSourceObject: {fileID: 0}
  m_PrefabInstance: {fileID: 0}
  m_PrefabAsset: {fileID: 0}
  serializedVersion: 6
  m_Component:
  - component: {fileID: 990798422141036130}
  - component: {fileID: 4356724192573787490}
  - component: {fileID: 8898814857846914638}
  m_Layer: 12
  m_Name: HurtBox
  m_TagString: Untagged
  m_Icon: {fileID: 0}
  m_NavMeshLayer: 0
  m_StaticEditorFlags: 0
  m_IsActive: 1
--- !u!4 &990798422141036130
Transform:
  m_ObjectHideFlags: 0
  m_CorrespondingSourceObject: {fileID: 0}
  m_PrefabInstance: {fileID: 0}
  m_PrefabAsset: {fileID: 0}
  m_GameObject: {fileID: 7658640960650709887}
  m_LocalRotation: {x: -0, y: -0, z: -0, w: 1}
  m_LocalPosition: {x: -1.2948794, y: 11.564652, z: -0.16}
  m_LocalScale: {x: 9.090909, y: 9.090909, z: 9.090909}
  m_Children: []
  m_Father: {fileID: 5520083414465902302}
  m_RootOrder: 3
  m_LocalEulerAnglesHint: {x: 0, y: 0, z: 0}
--- !u!136 &4356724192573787490
CapsuleCollider:
  m_ObjectHideFlags: 0
  m_CorrespondingSourceObject: {fileID: 0}
  m_PrefabInstance: {fileID: 0}
  m_PrefabAsset: {fileID: 0}
  m_GameObject: {fileID: 7658640960650709887}
  m_Material: {fileID: 0}
  m_IsTrigger: 1
  m_Enabled: 1
  m_Radius: 0.2615576
  m_Height: 2.1873
  m_Direction: 1
  m_Center: {x: 0.118873954, y: -0.19928157, z: -0.020868212}
--- !u!114 &8898814857846914638
MonoBehaviour:
  m_ObjectHideFlags: 0
  m_CorrespondingSourceObject: {fileID: 0}
  m_PrefabInstance: {fileID: 0}
  m_PrefabAsset: {fileID: 0}
  m_GameObject: {fileID: 7658640960650709887}
  m_Enabled: 1
  m_EditorHideFlags: 0
  m_Script: {fileID: 11500000, guid: a620fce5f09d232478c4117c8d738eab, type: 3}
  m_Name: 
  m_EditorClassIdentifier: 
--- !u!1 &8201228366510179708
GameObject:
  m_ObjectHideFlags: 0
  m_CorrespondingSourceObject: {fileID: 0}
  m_PrefabInstance: {fileID: 0}
  m_PrefabAsset: {fileID: 0}
  serializedVersion: 6
  m_Component:
  - component: {fileID: 2094652787596939054}
  - component: {fileID: 3582349053594121620}
  - component: {fileID: 6985915654591922249}
  m_Layer: 5
  m_Name: Fill
  m_TagString: Untagged
  m_Icon: {fileID: 0}
  m_NavMeshLayer: 0
  m_StaticEditorFlags: 0
  m_IsActive: 1
--- !u!224 &2094652787596939054
RectTransform:
  m_ObjectHideFlags: 0
  m_CorrespondingSourceObject: {fileID: 0}
  m_PrefabInstance: {fileID: 0}
  m_PrefabAsset: {fileID: 0}
  m_GameObject: {fileID: 8201228366510179708}
  m_LocalRotation: {x: 0, y: 0, z: 0, w: 1}
  m_LocalPosition: {x: 0, y: 0, z: 0}
  m_LocalScale: {x: 1, y: 1, z: 1}
  m_Children: []
  m_Father: {fileID: 5161452309719648344}
  m_RootOrder: 0
  m_LocalEulerAnglesHint: {x: 0, y: 0, z: 0}
  m_AnchorMin: {x: 0, y: 0}
  m_AnchorMax: {x: 0, y: 0}
  m_AnchoredPosition: {x: 0, y: 0}
  m_SizeDelta: {x: 10, y: 0}
  m_Pivot: {x: 0.5, y: 0.5}
--- !u!222 &3582349053594121620
CanvasRenderer:
  m_ObjectHideFlags: 0
  m_CorrespondingSourceObject: {fileID: 0}
  m_PrefabInstance: {fileID: 0}
  m_PrefabAsset: {fileID: 0}
  m_GameObject: {fileID: 8201228366510179708}
  m_CullTransparentMesh: 0
--- !u!114 &6985915654591922249
MonoBehaviour:
  m_ObjectHideFlags: 0
  m_CorrespondingSourceObject: {fileID: 0}
  m_PrefabInstance: {fileID: 0}
  m_PrefabAsset: {fileID: 0}
  m_GameObject: {fileID: 8201228366510179708}
  m_Enabled: 1
  m_EditorHideFlags: 0
  m_Script: {fileID: -765806418, guid: f70555f144d8491a825f0804e09c671c, type: 3}
  m_Name: 
  m_EditorClassIdentifier: 
  m_Material: {fileID: 0}
  m_Color: {r: 0, g: 1, b: 0.09281945, a: 1}
  m_RaycastTarget: 1
  m_OnCullStateChanged:
    m_PersistentCalls:
      m_Calls: []
  m_Sprite: {fileID: 10905, guid: 0000000000000000f000000000000000, type: 0}
  m_Type: 1
  m_PreserveAspect: 0
  m_FillCenter: 1
  m_FillMethod: 4
  m_FillAmount: 1
  m_FillClockwise: 1
  m_FillOrigin: 0
  m_UseSpriteMesh: 0
--- !u!1001 &4016778725928694876
PrefabInstance:
  m_ObjectHideFlags: 0
  serializedVersion: 2
  m_Modification:
    m_TransformParent: {fileID: 5520083414465902312}
    m_Modifications:
    - target: {fileID: 4248538344914430596, guid: 9f8cb83a9f66ee04a820fa9d650462c3,
        type: 3}
      propertyPath: m_Name
      value: hacha
      objectReference: {fileID: 0}
    - target: {fileID: 4248538344914925220, guid: 9f8cb83a9f66ee04a820fa9d650462c3,
        type: 3}
      propertyPath: m_LocalPosition.x
      value: 20
      objectReference: {fileID: 0}
    - target: {fileID: 4248538344914925220, guid: 9f8cb83a9f66ee04a820fa9d650462c3,
        type: 3}
      propertyPath: m_LocalPosition.y
      value: 1.14
      objectReference: {fileID: 0}
    - target: {fileID: 4248538344914925220, guid: 9f8cb83a9f66ee04a820fa9d650462c3,
        type: 3}
      propertyPath: m_LocalPosition.z
      value: 17
      objectReference: {fileID: 0}
    - target: {fileID: 4248538344914925220, guid: 9f8cb83a9f66ee04a820fa9d650462c3,
        type: 3}
      propertyPath: m_LocalRotation.x
      value: -0.24965456
      objectReference: {fileID: 0}
    - target: {fileID: 4248538344914925220, guid: 9f8cb83a9f66ee04a820fa9d650462c3,
        type: 3}
      propertyPath: m_LocalRotation.y
      value: -0.23620549
      objectReference: {fileID: 0}
    - target: {fileID: 4248538344914925220, guid: 9f8cb83a9f66ee04a820fa9d650462c3,
        type: 3}
      propertyPath: m_LocalRotation.z
      value: 0.6454119
      objectReference: {fileID: 0}
    - target: {fileID: 4248538344914925220, guid: 9f8cb83a9f66ee04a820fa9d650462c3,
        type: 3}
      propertyPath: m_LocalRotation.w
      value: 0.68214595
      objectReference: {fileID: 0}
    - target: {fileID: 4248538344914925220, guid: 9f8cb83a9f66ee04a820fa9d650462c3,
        type: 3}
      propertyPath: m_RootOrder
      value: 2
      objectReference: {fileID: 0}
    - target: {fileID: 4248538344914925220, guid: 9f8cb83a9f66ee04a820fa9d650462c3,
        type: 3}
      propertyPath: m_LocalEulerAnglesHint.x
      value: -2.046
      objectReference: {fileID: 0}
    - target: {fileID: 4248538344914925220, guid: 9f8cb83a9f66ee04a820fa9d650462c3,
        type: 3}
      propertyPath: m_LocalEulerAnglesHint.y
      value: -40.16
      objectReference: {fileID: 0}
    - target: {fileID: 4248538344914925220, guid: 9f8cb83a9f66ee04a820fa9d650462c3,
        type: 3}
      propertyPath: m_LocalEulerAnglesHint.z
      value: 87.578
      objectReference: {fileID: 0}
    - target: {fileID: 4248538344914925220, guid: 9f8cb83a9f66ee04a820fa9d650462c3,
        type: 3}
      propertyPath: m_LocalScale.x
      value: 4.545455
      objectReference: {fileID: 0}
    - target: {fileID: 4248538344914925220, guid: 9f8cb83a9f66ee04a820fa9d650462c3,
        type: 3}
      propertyPath: m_LocalScale.y
      value: 4.545456
      objectReference: {fileID: 0}
    - target: {fileID: 4248538344914925220, guid: 9f8cb83a9f66ee04a820fa9d650462c3,
        type: 3}
      propertyPath: m_LocalScale.z
      value: 4.545456
      objectReference: {fileID: 0}
    m_RemovedComponents: []
  m_SourcePrefab: {fileID: 100100000, guid: 9f8cb83a9f66ee04a820fa9d650462c3, type: 3}
--- !u!4 &958037351791379192 stripped
Transform:
  m_CorrespondingSourceObject: {fileID: 4248538344914925220, guid: 9f8cb83a9f66ee04a820fa9d650462c3,
    type: 3}
  m_PrefabInstance: {fileID: 4016778725928694876}
  m_PrefabAsset: {fileID: 0}
