%YAML 1.1
%TAG !u! tag:unity3d.com,2011:
--- !u!114 &11400000
MonoBehaviour:
  m_ObjectHideFlags: 0
  m_CorrespondingSourceObject: {fileID: 0}
  m_PrefabInstance: {fileID: 0}
  m_PrefabAsset: {fileID: 0}
  m_GameObject: {fileID: 0}
  m_Enabled: 1
  m_EditorHideFlags: 0
  m_Script: {fileID: 11500000, guid: 425fa6be776d55647a40b145ebcdf567, type: 3}
  m_Name: Eugene
  m_EditorClassIdentifier: 
  nodes:
  - {fileID: 114402161610917662}
  - {fileID: 114634812991878130}
  - {fileID: 114303675911434024}
  - {fileID: 114878910380123014}
  - {fileID: 114073016203615152}
  - {fileID: 114723372737026248}
  - {fileID: 114012368752756748}
  - {fileID: 114701033530867752}
  - {fileID: 114527150172984526}
  - {fileID: 114417790069146482}
  - {fileID: 114137958338745330}
  - {fileID: 114968634848244538}
  - {fileID: 114562350946600386}
  - {fileID: 114210951932269154}
  - {fileID: 114837979131862128}
  - {fileID: 114260828092413882}
  - {fileID: 114687027455745500}
  - {fileID: 114143353942455778}
  - {fileID: 114586237669258442}
  Agent:
    Speaker: 1
    Data: {fileID: 0}
  Conversator:
    Speaker: 2
    Data: {fileID: 11400000, guid: 9152339fec0de684aabc48ebfbf0839f, type: 2}
--- !u!114 &114012368752756748
MonoBehaviour:
  m_ObjectHideFlags: 0
  m_CorrespondingSourceObject: {fileID: 0}
  m_PrefabInstance: {fileID: 0}
  m_PrefabAsset: {fileID: 0}
  m_GameObject: {fileID: 0}
  m_Enabled: 1
  m_EditorHideFlags: 0
  m_Script: {fileID: 11500000, guid: e692c090318ed9041a351529ec196d7f, type: 3}
  m_Name: Quest Available
  m_EditorClassIdentifier: 
  graph: {fileID: 11400000}
  position: {x: 5208, y: -360}
  ports:
    keys:
    - pass
    - fail
    - input
    - output
    values:
    - _fieldName: pass
      _node: {fileID: 114012368752756748}
      _typeQualifiedName: DialogueBaseNode, Assembly-CSharp, Version=0.0.0.0, Culture=neutral,
        PublicKeyToken=null
      connections:
      - fieldName: input
        node: {fileID: 114701033530867752}
        reroutePoints: []
      _direction: 1
      _connectionType: 0
      _typeConstraint: 0
      _dynamic: 0
    - _fieldName: fail
      _node: {fileID: 114012368752756748}
      _typeQualifiedName: DialogueBaseNode, Assembly-CSharp, Version=0.0.0.0, Culture=neutral,
        PublicKeyToken=null
      connections:
      - fieldName: input
        node: {fileID: 114527150172984526}
        reroutePoints: []
      _direction: 1
      _connectionType: 0
      _typeConstraint: 0
      _dynamic: 0
    - _fieldName: input
      _node: {fileID: 114012368752756748}
      _typeQualifiedName: DialogueBaseNode, Assembly-CSharp, Version=0.0.0.0, Culture=neutral,
        PublicKeyToken=null
      connections:
      - fieldName: output
        node: {fileID: 114723372737026248}
        reroutePoints: []
      _direction: 0
      _connectionType: 0
      _typeConstraint: 1
      _dynamic: 0
    - _fieldName: output
      _node: {fileID: 114012368752756748}
      _typeQualifiedName: DialogueBaseNode, Assembly-CSharp, Version=0.0.0.0, Culture=neutral,
        PublicKeyToken=null
      connections: []
      _direction: 1
      _connectionType: 0
      _typeConstraint: 0
      _dynamic: 0
  input: {fileID: 0}
  output: {fileID: 0}
  pass: {fileID: 0}
  fail: {fileID: 0}
  Success: 0
--- !u!114 &114073016203615152
MonoBehaviour:
  m_ObjectHideFlags: 0
  m_CorrespondingSourceObject: {fileID: 0}
  m_PrefabInstance: {fileID: 0}
  m_PrefabAsset: {fileID: 0}
  m_GameObject: {fileID: 0}
  m_Enabled: 1
  m_EditorHideFlags: 0
  m_Script: {fileID: 11500000, guid: 4d7d47f9c7b6d744b80808cb7c47fcb0, type: 3}
  m_Name: Chat
  m_EditorClassIdentifier: 
  graph: {fileID: 11400000}
  position: {x: 4504, y: -360}
  ports:
    keys:
    - Answers
    - input
    - output
    values:
    - _fieldName: Answers
      _node: {fileID: 114073016203615152}
      _typeQualifiedName: System.Collections.Generic.List`1[[System.String, mscorlib,
        Version=4.0.0.0, Culture=neutral, PublicKeyToken=b77a5c561934e089]], mscorlib,
        Version=4.0.0.0, Culture=neutral, PublicKeyToken=b77a5c561934e089
      connections: []
      _direction: 1
      _connectionType: 0
      _typeConstraint: 0
      _dynamic: 0
    - _fieldName: input
      _node: {fileID: 114073016203615152}
      _typeQualifiedName: DialogueBaseNode, Assembly-CSharp, Version=0.0.0.0, Culture=neutral,
        PublicKeyToken=null
      connections:
      - fieldName: output
        node: {fileID: 114878910380123014}
        reroutePoints: []
      _direction: 0
      _connectionType: 0
      _typeConstraint: 1
      _dynamic: 0
    - _fieldName: output
      _node: {fileID: 114073016203615152}
      _typeQualifiedName: DialogueBaseNode, Assembly-CSharp, Version=0.0.0.0, Culture=neutral,
        PublicKeyToken=null
      connections:
      - fieldName: input
        node: {fileID: 114723372737026248}
        reroutePoints: []
      _direction: 1
      _connectionType: 0
      _typeConstraint: 0
      _dynamic: 0
  input: {fileID: 0}
  output: {fileID: 0}
  Speaker: 0
  Instant: 0
  Text: TOWN_EUGENE_03
  Answers: []
--- !u!114 &114137958338745330
MonoBehaviour:
  m_ObjectHideFlags: 0
  m_CorrespondingSourceObject: {fileID: 0}
  m_PrefabInstance: {fileID: 0}
  m_PrefabAsset: {fileID: 0}
  m_GameObject: {fileID: 0}
  m_Enabled: 1
  m_EditorHideFlags: 0
  m_Script: {fileID: 11500000, guid: e692c090318ed9041a351529ec196d7f, type: 3}
  m_Name: Quest Available
  m_EditorClassIdentifier: 
  graph: {fileID: 11400000}
  position: {x: 4056, y: 136}
  ports:
    keys:
    - pass
    - fail
    - input
    - output
    values:
    - _fieldName: pass
      _node: {fileID: 114137958338745330}
      _typeQualifiedName: DialogueBaseNode, Assembly-CSharp, Version=0.0.0.0, Culture=neutral,
        PublicKeyToken=null
      connections:
      - fieldName: input
        node: {fileID: 114837979131862128}
        reroutePoints: []
      _direction: 1
      _connectionType: 0
      _typeConstraint: 0
      _dynamic: 0
    - _fieldName: fail
      _node: {fileID: 114137958338745330}
      _typeQualifiedName: DialogueBaseNode, Assembly-CSharp, Version=0.0.0.0, Culture=neutral,
        PublicKeyToken=null
      connections:
      - fieldName: input
        node: {fileID: 114562350946600386}
        reroutePoints: []
      _direction: 1
      _connectionType: 0
      _typeConstraint: 0
      _dynamic: 0
    - _fieldName: input
      _node: {fileID: 114137958338745330}
      _typeQualifiedName: DialogueBaseNode, Assembly-CSharp, Version=0.0.0.0, Culture=neutral,
        PublicKeyToken=null
      connections:
      - fieldName: fail
        node: {fileID: 114417790069146482}
        reroutePoints: []
      _direction: 0
      _connectionType: 0
      _typeConstraint: 1
      _dynamic: 0
    - _fieldName: output
      _node: {fileID: 114137958338745330}
      _typeQualifiedName: DialogueBaseNode, Assembly-CSharp, Version=0.0.0.0, Culture=neutral,
        PublicKeyToken=null
      connections: []
      _direction: 1
      _connectionType: 0
      _typeConstraint: 0
      _dynamic: 0
  input: {fileID: 0}
  output: {fileID: 0}
  pass: {fileID: 0}
  fail: {fileID: 0}
  Success: 0
--- !u!114 &114143353942455778
MonoBehaviour:
  m_ObjectHideFlags: 0
  m_CorrespondingSourceObject: {fileID: 0}
  m_PrefabInstance: {fileID: 0}
  m_PrefabAsset: {fileID: 0}
  m_GameObject: {fileID: 0}
  m_Enabled: 1
  m_EditorHideFlags: 0
  m_Script: {fileID: 11500000, guid: 4d7d47f9c7b6d744b80808cb7c47fcb0, type: 3}
  m_Name: Chat
  m_EditorClassIdentifier: 
  graph: {fileID: 11400000}
  position: {x: 4376, y: -8}
  ports:
    keys:
    - Answers
    - input
    - output
    values:
    - _fieldName: Answers
      _node: {fileID: 114143353942455778}
      _typeQualifiedName: System.Collections.Generic.List`1[[System.String, mscorlib,
        Version=4.0.0.0, Culture=neutral, PublicKeyToken=b77a5c561934e089]], mscorlib,
        Version=4.0.0.0, Culture=neutral, PublicKeyToken=b77a5c561934e089
      connections: []
      _direction: 1
      _connectionType: 0
      _typeConstraint: 0
      _dynamic: 0
    - _fieldName: input
      _node: {fileID: 114143353942455778}
      _typeQualifiedName: DialogueBaseNode, Assembly-CSharp, Version=0.0.0.0, Culture=neutral,
        PublicKeyToken=null
      connections:
      - fieldName: fail
        node: {fileID: 114968634848244538}
        reroutePoints: []
      _direction: 0
      _connectionType: 0
      _typeConstraint: 1
      _dynamic: 0
    - _fieldName: output
      _node: {fileID: 114143353942455778}
      _typeQualifiedName: DialogueBaseNode, Assembly-CSharp, Version=0.0.0.0, Culture=neutral,
        PublicKeyToken=null
      connections:
      - fieldName: input
        node: {fileID: 114586237669258442}
        reroutePoints: []
      _direction: 1
      _connectionType: 0
      _typeConstraint: 0
      _dynamic: 0
  input: {fileID: 0}
  output: {fileID: 0}
  Speaker: 1
  Instant: 0
  Text: TOWN_EUGENE_06
  Answers: []
--- !u!114 &114210951932269154
MonoBehaviour:
  m_ObjectHideFlags: 0
  m_CorrespondingSourceObject: {fileID: 0}
  m_PrefabInstance: {fileID: 0}
  m_PrefabAsset: {fileID: 0}
  m_GameObject: {fileID: 0}
  m_Enabled: 1
  m_EditorHideFlags: 0
  m_Script: {fileID: 11500000, guid: 14634b91cb00a71418ba169f79387895, type: 3}
  m_Name: Close Dialogue
  m_EditorClassIdentifier: 
  graph: {fileID: 11400000}
  position: {x: 4760, y: 312}
  ports:
    keys:
    - input
    - output
    values:
    - _fieldName: input
      _node: {fileID: 114210951932269154}
      _typeQualifiedName: DialogueBaseNode, Assembly-CSharp, Version=0.0.0.0, Culture=neutral,
        PublicKeyToken=null
      connections:
      - fieldName: output
        node: {fileID: 114562350946600386}
        reroutePoints: []
      _direction: 0
      _connectionType: 0
      _typeConstraint: 1
      _dynamic: 0
    - _fieldName: output
      _node: {fileID: 114210951932269154}
      _typeQualifiedName: DialogueBaseNode, Assembly-CSharp, Version=0.0.0.0, Culture=neutral,
        PublicKeyToken=null
      connections: []
      _direction: 1
      _connectionType: 0
      _typeConstraint: 0
      _dynamic: 0
  input: {fileID: 0}
  output: {fileID: 0}
--- !u!114 &114260828092413882
MonoBehaviour:
  m_ObjectHideFlags: 0
  m_CorrespondingSourceObject: {fileID: 0}
  m_PrefabInstance: {fileID: 0}
  m_PrefabAsset: {fileID: 0}
  m_GameObject: {fileID: 0}
  m_Enabled: 1
  m_EditorHideFlags: 0
  m_Script: {fileID: 11500000, guid: 4d7d47f9c7b6d744b80808cb7c47fcb0, type: 3}
  m_Name: Chat
  m_EditorClassIdentifier: 
  graph: {fileID: 11400000}
  position: {x: 4376, y: -184}
  ports:
    keys:
    - Answers
    - input
    - output
    values:
    - _fieldName: Answers
      _node: {fileID: 114260828092413882}
      _typeQualifiedName: System.Collections.Generic.List`1[[System.String, mscorlib,
        Version=4.0.0.0, Culture=neutral, PublicKeyToken=b77a5c561934e089]], mscorlib,
        Version=4.0.0.0, Culture=neutral, PublicKeyToken=b77a5c561934e089
      connections: []
      _direction: 1
      _connectionType: 0
      _typeConstraint: 0
      _dynamic: 0
    - _fieldName: input
      _node: {fileID: 114260828092413882}
      _typeQualifiedName: DialogueBaseNode, Assembly-CSharp, Version=0.0.0.0, Culture=neutral,
        PublicKeyToken=null
      connections:
      - fieldName: pass
        node: {fileID: 114968634848244538}
        reroutePoints: []
      _direction: 0
      _connectionType: 0
      _typeConstraint: 1
      _dynamic: 0
    - _fieldName: output
      _node: {fileID: 114260828092413882}
      _typeQualifiedName: DialogueBaseNode, Assembly-CSharp, Version=0.0.0.0, Culture=neutral,
        PublicKeyToken=null
      connections:
      - fieldName: input
        node: {fileID: 114687027455745500}
        reroutePoints: []
      _direction: 1
      _connectionType: 0
      _typeConstraint: 0
      _dynamic: 0
  input: {fileID: 0}
  output: {fileID: 0}
  Speaker: 1
  Instant: 0
  Text: TOWN_EUGENE_05
  Answers: []
--- !u!114 &114303675911434024
MonoBehaviour:
  m_ObjectHideFlags: 0
  m_CorrespondingSourceObject: {fileID: 0}
  m_PrefabInstance: {fileID: 0}
  m_PrefabAsset: {fileID: 0}
  m_GameObject: {fileID: 0}
  m_Enabled: 1
  m_EditorHideFlags: 0
  m_Script: {fileID: 11500000, guid: 4d7d47f9c7b6d744b80808cb7c47fcb0, type: 3}
  m_Name: Chat
  m_EditorClassIdentifier: 
  graph: {fileID: 11400000}
  position: {x: 3800, y: -360}
  ports:
    keys:
    - Answers
    - input
    - output
    values:
    - _fieldName: Answers
      _node: {fileID: 114303675911434024}
      _typeQualifiedName: System.Collections.Generic.List`1[[System.String, mscorlib,
        Version=4.0.0.0, Culture=neutral, PublicKeyToken=b77a5c561934e089]], mscorlib,
        Version=4.0.0.0, Culture=neutral, PublicKeyToken=b77a5c561934e089
      connections: []
      _direction: 1
      _connectionType: 0
      _typeConstraint: 0
      _dynamic: 0
    - _fieldName: input
      _node: {fileID: 114303675911434024}
      _typeQualifiedName: DialogueBaseNode, Assembly-CSharp, Version=0.0.0.0, Culture=neutral,
        PublicKeyToken=null
      connections:
      - fieldName: Dialogue 0
        node: {fileID: 114634812991878130}
        reroutePoints: []
      _direction: 0
      _connectionType: 0
      _typeConstraint: 1
      _dynamic: 0
    - _fieldName: output
      _node: {fileID: 114303675911434024}
      _typeQualifiedName: DialogueBaseNode, Assembly-CSharp, Version=0.0.0.0, Culture=neutral,
        PublicKeyToken=null
      connections:
      - fieldName: input
        node: {fileID: 114878910380123014}
        reroutePoints: []
      _direction: 1
      _connectionType: 0
      _typeConstraint: 0
      _dynamic: 0
  input: {fileID: 0}
  output: {fileID: 0}
  Speaker: 1
  Instant: 0
  Text: TOWN_EUGENE_01
  Answers: []
--- !u!114 &114402161610917662
MonoBehaviour:
  m_ObjectHideFlags: 0
  m_CorrespondingSourceObject: {fileID: 0}
  m_PrefabInstance: {fileID: 0}
  m_PrefabAsset: {fileID: 0}
  m_GameObject: {fileID: 0}
  m_Enabled: 1
  m_EditorHideFlags: 0
  m_Script: {fileID: 11500000, guid: 41b6ea57d1c9c304bbea5e62cc72ce8e, type: 3}
  m_Name: Dialogue Start
  m_EditorClassIdentifier: 
  graph: {fileID: 11400000}
  position: {x: 3224, y: -280}
  ports:
    keys:
    - input
    - output
    values:
    - _fieldName: input
      _node: {fileID: 114402161610917662}
      _typeQualifiedName: DialogueBaseNode, Assembly-CSharp, Version=0.0.0.0, Culture=neutral,
        PublicKeyToken=null
      connections: []
      _direction: 0
      _connectionType: 0
      _typeConstraint: 1
      _dynamic: 0
    - _fieldName: output
      _node: {fileID: 114402161610917662}
      _typeQualifiedName: DialogueBaseNode, Assembly-CSharp, Version=0.0.0.0, Culture=neutral,
        PublicKeyToken=null
      connections:
      - fieldName: input
        node: {fileID: 114634812991878130}
        reroutePoints: []
      _direction: 1
      _connectionType: 0
      _typeConstraint: 0
      _dynamic: 0
  input: {fileID: 0}
  output: {fileID: 0}
--- !u!114 &114417790069146482
MonoBehaviour:
  m_ObjectHideFlags: 0
  m_CorrespondingSourceObject: {fileID: 0}
  m_PrefabInstance: {fileID: 0}
  m_PrefabAsset: {fileID: 0}
  m_GameObject: {fileID: 0}
  m_Enabled: 1
  m_EditorHideFlags: 0
  m_Script: {fileID: 11500000, guid: 913780f0af96b7f49af6679b35db701b, type: 3}
  m_Name: Quest Accepted
  m_EditorClassIdentifier: 
  graph: {fileID: 11400000}
  position: {x: 3768, y: -8}
  ports:
    keys:
    - pass
    - fail
    - input
    - output
    values:
    - _fieldName: pass
      _node: {fileID: 114417790069146482}
      _typeQualifiedName: DialogueBaseNode, Assembly-CSharp, Version=0.0.0.0, Culture=neutral,
        PublicKeyToken=null
      connections:
      - fieldName: input
        node: {fileID: 114968634848244538}
        reroutePoints: []
      _direction: 1
      _connectionType: 0
      _typeConstraint: 0
      _dynamic: 0
    - _fieldName: fail
      _node: {fileID: 114417790069146482}
      _typeQualifiedName: DialogueBaseNode, Assembly-CSharp, Version=0.0.0.0, Culture=neutral,
        PublicKeyToken=null
      connections:
      - fieldName: input
        node: {fileID: 114137958338745330}
        reroutePoints: []
      _direction: 1
      _connectionType: 0
      _typeConstraint: 0
      _dynamic: 0
    - _fieldName: input
      _node: {fileID: 114417790069146482}
      _typeQualifiedName: DialogueBaseNode, Assembly-CSharp, Version=0.0.0.0, Culture=neutral,
        PublicKeyToken=null
      connections:
      - fieldName: Dialogue 1
        node: {fileID: 114634812991878130}
        reroutePoints: []
      _direction: 0
      _connectionType: 0
      _typeConstraint: 1
      _dynamic: 0
    - _fieldName: output
      _node: {fileID: 114417790069146482}
      _typeQualifiedName: DialogueBaseNode, Assembly-CSharp, Version=0.0.0.0, Culture=neutral,
        PublicKeyToken=null
      connections: []
      _direction: 1
      _connectionType: 0
      _typeConstraint: 0
      _dynamic: 0
  input: {fileID: 0}
  output: {fileID: 0}
  pass: {fileID: 0}
  fail: {fileID: 0}
  Success: 0
--- !u!114 &114527150172984526
MonoBehaviour:
  m_ObjectHideFlags: 0
  m_CorrespondingSourceObject: {fileID: 0}
  m_PrefabInstance: {fileID: 0}
  m_PrefabAsset: {fileID: 0}
  m_GameObject: {fileID: 0}
  m_Enabled: 1
  m_EditorHideFlags: 0
  m_Script: {fileID: 11500000, guid: 14634b91cb00a71418ba169f79387895, type: 3}
  m_Name: Close Dialogue
  m_EditorClassIdentifier: 
  graph: {fileID: 11400000}
  position: {x: 5492.9624, y: -240.9077}
  ports:
    keys:
    - input
    - output
    values:
    - _fieldName: input
      _node: {fileID: 114527150172984526}
      _typeQualifiedName: DialogueBaseNode, Assembly-CSharp, Version=0.0.0.0, Culture=neutral,
        PublicKeyToken=null
      connections:
      - fieldName: fail
        node: {fileID: 114012368752756748}
        reroutePoints: []
      _direction: 0
      _connectionType: 0
      _typeConstraint: 1
      _dynamic: 0
    - _fieldName: output
      _node: {fileID: 114527150172984526}
      _typeQualifiedName: DialogueBaseNode, Assembly-CSharp, Version=0.0.0.0, Culture=neutral,
        PublicKeyToken=null
      connections: []
      _direction: 1
      _connectionType: 0
      _typeConstraint: 0
      _dynamic: 0
  input: {fileID: 0}
  output: {fileID: 0}
--- !u!114 &114562350946600386
MonoBehaviour:
  m_ObjectHideFlags: 0
  m_CorrespondingSourceObject: {fileID: 0}
  m_PrefabInstance: {fileID: 0}
  m_PrefabAsset: {fileID: 0}
  m_GameObject: {fileID: 0}
  m_Enabled: 1
  m_EditorHideFlags: 0
  m_Script: {fileID: 11500000, guid: 4d7d47f9c7b6d744b80808cb7c47fcb0, type: 3}
  m_Name: Chat
  m_EditorClassIdentifier: 
  graph: {fileID: 11400000}
  position: {x: 4360, y: 232}
  ports:
    keys:
    - Answers
    - input
    - output
    values:
    - _fieldName: Answers
      _node: {fileID: 114562350946600386}
      _typeQualifiedName: System.Collections.Generic.List`1[[System.String, mscorlib,
        Version=4.0.0.0, Culture=neutral, PublicKeyToken=b77a5c561934e089]], mscorlib,
        Version=4.0.0.0, Culture=neutral, PublicKeyToken=b77a5c561934e089
      connections: []
      _direction: 1
      _connectionType: 0
      _typeConstraint: 0
      _dynamic: 0
    - _fieldName: input
      _node: {fileID: 114562350946600386}
      _typeQualifiedName: DialogueBaseNode, Assembly-CSharp, Version=0.0.0.0, Culture=neutral,
        PublicKeyToken=null
      connections:
      - fieldName: fail
        node: {fileID: 114137958338745330}
        reroutePoints: []
      _direction: 0
      _connectionType: 0
      _typeConstraint: 1
      _dynamic: 0
    - _fieldName: output
      _node: {fileID: 114562350946600386}
      _typeQualifiedName: DialogueBaseNode, Assembly-CSharp, Version=0.0.0.0, Culture=neutral,
        PublicKeyToken=null
      connections:
      - fieldName: input
        node: {fileID: 114210951932269154}
        reroutePoints: []
      _direction: 1
      _connectionType: 0
      _typeConstraint: 0
      _dynamic: 0
  input: {fileID: 0}
  output: {fileID: 0}
  Speaker: 1
  Instant: 0
  Text: TOWN_EUGENE_05
  Answers: []
--- !u!114 &114586237669258442
MonoBehaviour:
  m_ObjectHideFlags: 0
  m_CorrespondingSourceObject: {fileID: 0}
  m_PrefabInstance: {fileID: 0}
  m_PrefabAsset: {fileID: 0}
  m_GameObject: {fileID: 0}
  m_Enabled: 1
  m_EditorHideFlags: 0
  m_Script: {fileID: 11500000, guid: 14634b91cb00a71418ba169f79387895, type: 3}
  m_Name: Close Dialogue
  m_EditorClassIdentifier: 
  graph: {fileID: 11400000}
  position: {x: 4756.5107, y: 9.321847}
  ports:
    keys:
    - input
    - output
    values:
    - _fieldName: input
      _node: {fileID: 114586237669258442}
      _typeQualifiedName: DialogueBaseNode, Assembly-CSharp, Version=0.0.0.0, Culture=neutral,
        PublicKeyToken=null
      connections:
      - fieldName: output
        node: {fileID: 114143353942455778}
        reroutePoints: []
      _direction: 0
      _connectionType: 0
      _typeConstraint: 1
      _dynamic: 0
    - _fieldName: output
      _node: {fileID: 114586237669258442}
      _typeQualifiedName: DialogueBaseNode, Assembly-CSharp, Version=0.0.0.0, Culture=neutral,
        PublicKeyToken=null
      connections: []
      _direction: 1
      _connectionType: 0
      _typeConstraint: 0
      _dynamic: 0
  input: {fileID: 0}
  output: {fileID: 0}
--- !u!114 &114634812991878130
MonoBehaviour:
  m_ObjectHideFlags: 0
  m_CorrespondingSourceObject: {fileID: 0}
  m_PrefabInstance: {fileID: 0}
  m_PrefabAsset: {fileID: 0}
  m_GameObject: {fileID: 0}
  m_Enabled: 1
  m_EditorHideFlags: 0
  m_Script: {fileID: 11500000, guid: a4e95272d18a5ee40bc3737743d4ad22, type: 3}
  m_Name: Dialogue Decision
  m_EditorClassIdentifier: 
  graph: {fileID: 11400000}
  position: {x: 3432, y: -280}
  ports:
    keys:
    - DefaultDialogue
    - input
    - output
    - Dialogue 0
    - Dialogue 1
    values:
    - _fieldName: DefaultDialogue
      _node: {fileID: 114634812991878130}
      _typeQualifiedName: DialogueBaseNode, Assembly-CSharp, Version=0.0.0.0, Culture=neutral,
        PublicKeyToken=null
      connections: []
      _direction: 1
      _connectionType: 0
      _typeConstraint: 0
      _dynamic: 0
    - _fieldName: input
      _node: {fileID: 114634812991878130}
      _typeQualifiedName: DialogueBaseNode, Assembly-CSharp, Version=0.0.0.0, Culture=neutral,
        PublicKeyToken=null
      connections:
      - fieldName: output
        node: {fileID: 114402161610917662}
        reroutePoints: []
      _direction: 0
      _connectionType: 0
      _typeConstraint: 1
      _dynamic: 0
    - _fieldName: output
      _node: {fileID: 114634812991878130}
      _typeQualifiedName: DialogueBaseNode, Assembly-CSharp, Version=0.0.0.0, Culture=neutral,
        PublicKeyToken=null
      connections: []
      _direction: 1
      _connectionType: 0
      _typeConstraint: 0
      _dynamic: 0
    - _fieldName: Dialogue 0
      _node: {fileID: 114634812991878130}
      _typeQualifiedName: DialogueBaseNode, Assembly-CSharp, Version=0.0.0.0, Culture=neutral,
        PublicKeyToken=null
      connections:
      - fieldName: input
        node: {fileID: 114303675911434024}
        reroutePoints: []
      _direction: 1
      _connectionType: 1
      _typeConstraint: 0
      _dynamic: 1
    - _fieldName: Dialogue 1
      _node: {fileID: 114634812991878130}
      _typeQualifiedName: DialogueBaseNode, Assembly-CSharp, Version=0.0.0.0, Culture=neutral,
        PublicKeyToken=null
      connections:
      - fieldName: input
        node: {fileID: 114417790069146482}
        reroutePoints: []
      _direction: 1
      _connectionType: 1
      _typeConstraint: 0
      _dynamic: 1
  input: {fileID: 0}
  output: {fileID: 0}
  FirstResponse: 1
  number: 0100000001000000
  Types: 0000000001000000
  DefaultDialogue: {fileID: 0}
--- !u!114 &114687027455745500
MonoBehaviour:
  m_ObjectHideFlags: 0
  m_CorrespondingSourceObject: {fileID: 0}
  m_PrefabInstance: {fileID: 0}
  m_PrefabAsset: {fileID: 0}
  m_GameObject: {fileID: 0}
  m_Enabled: 1
  m_EditorHideFlags: 0
  m_Script: {fileID: 11500000, guid: 14634b91cb00a71418ba169f79387895, type: 3}
  m_Name: Close Dialogue
  m_EditorClassIdentifier: 
  graph: {fileID: 11400000}
  position: {x: 4750.5806, y: -109.27026}
  ports:
    keys:
    - input
    - output
    values:
    - _fieldName: input
      _node: {fileID: 114687027455745500}
      _typeQualifiedName: DialogueBaseNode, Assembly-CSharp, Version=0.0.0.0, Culture=neutral,
        PublicKeyToken=null
      connections:
      - fieldName: output
        node: {fileID: 114260828092413882}
        reroutePoints: []
      _direction: 0
      _connectionType: 0
      _typeConstraint: 1
      _dynamic: 0
    - _fieldName: output
      _node: {fileID: 114687027455745500}
      _typeQualifiedName: DialogueBaseNode, Assembly-CSharp, Version=0.0.0.0, Culture=neutral,
        PublicKeyToken=null
      connections: []
      _direction: 1
      _connectionType: 0
      _typeConstraint: 0
      _dynamic: 0
  input: {fileID: 0}
  output: {fileID: 0}
--- !u!114 &114701033530867752
MonoBehaviour:
  m_ObjectHideFlags: 0
  m_CorrespondingSourceObject: {fileID: 0}
  m_PrefabInstance: {fileID: 0}
  m_PrefabAsset: {fileID: 0}
  m_GameObject: {fileID: 0}
  m_Enabled: 1
  m_EditorHideFlags: 0
  m_Script: {fileID: 11500000, guid: 89d8c344c53970040b1cd8360eae96ad, type: 3}
  m_Name: Open Quest
  m_EditorClassIdentifier: 
  graph: {fileID: 11400000}
  position: {x: 5549.8867, y: -402.19296}
  ports:
    keys:
    - input
    - output
    values:
    - _fieldName: input
      _node: {fileID: 114701033530867752}
      _typeQualifiedName: DialogueBaseNode, Assembly-CSharp, Version=0.0.0.0, Culture=neutral,
        PublicKeyToken=null
      connections:
      - fieldName: pass
        node: {fileID: 114012368752756748}
        reroutePoints: []
      _direction: 0
      _connectionType: 0
      _typeConstraint: 1
      _dynamic: 0
    - _fieldName: output
      _node: {fileID: 114701033530867752}
      _typeQualifiedName: DialogueBaseNode, Assembly-CSharp, Version=0.0.0.0, Culture=neutral,
        PublicKeyToken=null
      connections: []
      _direction: 1
      _connectionType: 0
      _typeConstraint: 0
      _dynamic: 0
  input: {fileID: 0}
  output: {fileID: 0}
--- !u!114 &114723372737026248
MonoBehaviour:
  m_ObjectHideFlags: 0
  m_CorrespondingSourceObject: {fileID: 0}
  m_PrefabInstance: {fileID: 0}
  m_PrefabAsset: {fileID: 0}
  m_GameObject: {fileID: 0}
  m_Enabled: 1
  m_EditorHideFlags: 0
  m_Script: {fileID: 11500000, guid: 4d7d47f9c7b6d744b80808cb7c47fcb0, type: 3}
  m_Name: Chat
  m_EditorClassIdentifier: 
  graph: {fileID: 11400000}
  position: {x: 4856, y: -360}
  ports:
    keys:
    - Answers
    - input
    - output
    values:
    - _fieldName: Answers
      _node: {fileID: 114723372737026248}
      _typeQualifiedName: System.Collections.Generic.List`1[[System.String, mscorlib,
        Version=4.0.0.0, Culture=neutral, PublicKeyToken=b77a5c561934e089]], mscorlib,
        Version=4.0.0.0, Culture=neutral, PublicKeyToken=b77a5c561934e089
      connections: []
      _direction: 1
      _connectionType: 0
      _typeConstraint: 0
      _dynamic: 0
    - _fieldName: input
      _node: {fileID: 114723372737026248}
      _typeQualifiedName: DialogueBaseNode, Assembly-CSharp, Version=0.0.0.0, Culture=neutral,
        PublicKeyToken=null
      connections:
      - fieldName: output
        node: {fileID: 114073016203615152}
        reroutePoints: []
      _direction: 0
      _connectionType: 0
      _typeConstraint: 1
      _dynamic: 0
    - _fieldName: output
      _node: {fileID: 114723372737026248}
      _typeQualifiedName: DialogueBaseNode, Assembly-CSharp, Version=0.0.0.0, Culture=neutral,
        PublicKeyToken=null
      connections:
      - fieldName: input
        node: {fileID: 114012368752756748}
        reroutePoints: []
      _direction: 1
      _connectionType: 0
      _typeConstraint: 0
      _dynamic: 0
  input: {fileID: 0}
  output: {fileID: 0}
  Speaker: 1
  Instant: 0
  Text: TOWN_EUGENE_04
  Answers: []
--- !u!114 &114837979131862128
MonoBehaviour:
  m_ObjectHideFlags: 0
  m_CorrespondingSourceObject: {fileID: 0}
  m_PrefabInstance: {fileID: 0}
  m_PrefabAsset: {fileID: 0}
  m_GameObject: {fileID: 0}
  m_Enabled: 1
  m_EditorHideFlags: 0
  m_Script: {fileID: 11500000, guid: 89d8c344c53970040b1cd8360eae96ad, type: 3}
  m_Name: Open Quest
  m_EditorClassIdentifier: 
  graph: {fileID: 11400000}
  position: {x: 4344, y: 152}
  ports:
    keys:
    - input
    - output
    values:
    - _fieldName: input
      _node: {fileID: 114837979131862128}
      _typeQualifiedName: DialogueBaseNode, Assembly-CSharp, Version=0.0.0.0, Culture=neutral,
        PublicKeyToken=null
      connections:
      - fieldName: pass
        node: {fileID: 114137958338745330}
        reroutePoints: []
      _direction: 0
      _connectionType: 0
      _typeConstraint: 1
      _dynamic: 0
    - _fieldName: output
      _node: {fileID: 114837979131862128}
      _typeQualifiedName: DialogueBaseNode, Assembly-CSharp, Version=0.0.0.0, Culture=neutral,
        PublicKeyToken=null
      connections: []
      _direction: 1
      _connectionType: 0
      _typeConstraint: 0
      _dynamic: 0
  input: {fileID: 0}
  output: {fileID: 0}
--- !u!114 &114878910380123014
MonoBehaviour:
  m_ObjectHideFlags: 0
  m_CorrespondingSourceObject: {fileID: 0}
  m_PrefabInstance: {fileID: 0}
  m_PrefabAsset: {fileID: 0}
  m_GameObject: {fileID: 0}
  m_Enabled: 1
  m_EditorHideFlags: 0
  m_Script: {fileID: 11500000, guid: 4d7d47f9c7b6d744b80808cb7c47fcb0, type: 3}
  m_Name: Chat
  m_EditorClassIdentifier: 
  graph: {fileID: 11400000}
  position: {x: 4152, y: -360}
  ports:
    keys:
    - Answers
    - input
    - output
    values:
    - _fieldName: Answers
      _node: {fileID: 114878910380123014}
      _typeQualifiedName: System.Collections.Generic.List`1[[System.String, mscorlib,
        Version=4.0.0.0, Culture=neutral, PublicKeyToken=b77a5c561934e089]], mscorlib,
        Version=4.0.0.0, Culture=neutral, PublicKeyToken=b77a5c561934e089
      connections: []
      _direction: 1
      _connectionType: 0
      _typeConstraint: 0
      _dynamic: 0
    - _fieldName: input
      _node: {fileID: 114878910380123014}
      _typeQualifiedName: DialogueBaseNode, Assembly-CSharp, Version=0.0.0.0, Culture=neutral,
        PublicKeyToken=null
      connections:
      - fieldName: output
        node: {fileID: 114303675911434024}
        reroutePoints: []
      _direction: 0
      _connectionType: 0
      _typeConstraint: 1
      _dynamic: 0
    - _fieldName: output
      _node: {fileID: 114878910380123014}
      _typeQualifiedName: DialogueBaseNode, Assembly-CSharp, Version=0.0.0.0, Culture=neutral,
        PublicKeyToken=null
      connections:
      - fieldName: input
        node: {fileID: 114073016203615152}
        reroutePoints: []
      _direction: 1
      _connectionType: 0
      _typeConstraint: 0
      _dynamic: 0
  input: {fileID: 0}
  output: {fileID: 0}
  Speaker: 1
  Instant: 0
  Text: TOWN_EUGENE_02
  Answers: []
--- !u!114 &114968634848244538
MonoBehaviour:
  m_ObjectHideFlags: 0
  m_CorrespondingSourceObject: {fileID: 0}
  m_PrefabInstance: {fileID: 0}
  m_PrefabAsset: {fileID: 0}
  m_GameObject: {fileID: 0}
  m_Enabled: 1
  m_EditorHideFlags: 0
  m_Script: {fileID: 11500000, guid: 583ad8745348cfe448dc92c575910d13, type: 3}
  m_Name: Quest Completed
  m_EditorClassIdentifier: 
  graph: {fileID: 11400000}
  position: {x: 4040, y: -120}
  ports:
    keys:
    - pass
    - fail
    - input
    - output
    values:
    - _fieldName: pass
      _node: {fileID: 114968634848244538}
      _typeQualifiedName: DialogueBaseNode, Assembly-CSharp, Version=0.0.0.0, Culture=neutral,
        PublicKeyToken=null
      connections:
      - fieldName: input
        node: {fileID: 114260828092413882}
        reroutePoints: []
      _direction: 1
      _connectionType: 0
      _typeConstraint: 0
      _dynamic: 0
    - _fieldName: fail
      _node: {fileID: 114968634848244538}
      _typeQualifiedName: DialogueBaseNode, Assembly-CSharp, Version=0.0.0.0, Culture=neutral,
        PublicKeyToken=null
      connections:
      - fieldName: input
        node: {fileID: 114143353942455778}
        reroutePoints: []
      _direction: 1
      _connectionType: 0
      _typeConstraint: 0
      _dynamic: 0
    - _fieldName: input
      _node: {fileID: 114968634848244538}
      _typeQualifiedName: DialogueBaseNode, Assembly-CSharp, Version=0.0.0.0, Culture=neutral,
        PublicKeyToken=null
      connections:
      - fieldName: pass
        node: {fileID: 114417790069146482}
        reroutePoints: []
      _direction: 0
      _connectionType: 0
      _typeConstraint: 1
      _dynamic: 0
    - _fieldName: output
      _node: {fileID: 114968634848244538}
      _typeQualifiedName: DialogueBaseNode, Assembly-CSharp, Version=0.0.0.0, Culture=neutral,
        PublicKeyToken=null
      connections: []
      _direction: 1
      _connectionType: 0
      _typeConstraint: 0
      _dynamic: 0
  input: {fileID: 0}
  output: {fileID: 0}
  pass: {fileID: 0}
  fail: {fileID: 0}
  Success: 0
