%YAML 1.1
%TAG !u! tag:unity3d.com,2011:
--- !u!114 &11400000
MonoBehaviour:
  m_ObjectHideFlags: 0
  m_CorrespondingSourceObject: {fileID: 0}
  m_PrefabInstance: {fileID: 0}
  m_PrefabAsset: {fileID: 0}
  m_GameObject: {fileID: 0}
  m_Enabled: 1
  m_EditorHideFlags: 0
  m_Script: {fileID: 11500000, guid: 425fa6be776d55647a40b145ebcdf567, type: 3}
  m_Name: QuestExample
  m_EditorClassIdentifier: 
  nodes:
  - {fileID: 114036650065126420}
  - {fileID: 114894678963165878}
  - {fileID: 114125334238800970}
  - {fileID: 114942176762013102}
  - {fileID: 114069542656480172}
  - {fileID: 114763587606418708}
  - {fileID: 114416133896512332}
  - {fileID: 114638291750719576}
  - {fileID: 114691467111082120}
  - {fileID: 114756361186077210}
  - {fileID: 114622266834257452}
  - {fileID: 114776961185335594}
  - {fileID: 114822265024415942}
  - {fileID: 114964328691119676}
  - {fileID: 114897907233479192}
  - {fileID: 114579532174230656}
  - {fileID: 114012753922209440}
  Agent:
    Speaker: 1
    Data: {fileID: 0}
  Conversator:
    Speaker: 2
    Data: {fileID: 11400000, guid: efc4776787706004bab514775eafe356, type: 2}
--- !u!114 &114012753922209440
MonoBehaviour:
  m_ObjectHideFlags: 0
  m_CorrespondingSourceObject: {fileID: 0}
  m_PrefabInstance: {fileID: 0}
  m_PrefabAsset: {fileID: 0}
  m_GameObject: {fileID: 0}
  m_Enabled: 1
  m_EditorHideFlags: 0
  m_Script: {fileID: 11500000, guid: 4d7d47f9c7b6d744b80808cb7c47fcb0, type: 3}
  m_Name: Chat
  m_EditorClassIdentifier: 
  graph: {fileID: 11400000}
  position: {x: 632, y: -456}
  ports:
    keys:
    - Answers
    - input
    - output
    values:
    - _fieldName: Answers
      _node: {fileID: 114012753922209440}
      _typeQualifiedName: System.Collections.Generic.List`1[[System.String, mscorlib,
        Version=4.0.0.0, Culture=neutral, PublicKeyToken=b77a5c561934e089]], mscorlib,
        Version=4.0.0.0, Culture=neutral, PublicKeyToken=b77a5c561934e089
      connections: []
      _direction: 1
      _connectionType: 0
      _typeConstraint: 0
      _dynamic: 0
    - _fieldName: input
      _node: {fileID: 114012753922209440}
      _typeQualifiedName: DialogueBaseNode, Assembly-CSharp, Version=0.0.0.0, Culture=neutral,
        PublicKeyToken=null
      connections:
      - fieldName: pass
        node: {fileID: 114622266834257452}
        reroutePoints: []
      _direction: 0
      _connectionType: 0
      _typeConstraint: 1
      _dynamic: 0
    - _fieldName: output
      _node: {fileID: 114012753922209440}
      _typeQualifiedName: DialogueBaseNode, Assembly-CSharp, Version=0.0.0.0, Culture=neutral,
        PublicKeyToken=null
      connections:
      - fieldName: input
        node: {fileID: 114942176762013102}
        reroutePoints: []
      _direction: 1
      _connectionType: 0
      _typeConstraint: 0
      _dynamic: 0
  input: {fileID: 0}
  output: {fileID: 0}
  Speaker: 1
  Instant: 0
  Text: SHOP_WELCOME4
  Answers: []
--- !u!114 &114036650065126420
MonoBehaviour:
  m_ObjectHideFlags: 0
  m_CorrespondingSourceObject: {fileID: 0}
  m_PrefabInstance: {fileID: 0}
  m_PrefabAsset: {fileID: 0}
  m_GameObject: {fileID: 0}
  m_Enabled: 1
  m_EditorHideFlags: 0
  m_Script: {fileID: 11500000, guid: 41b6ea57d1c9c304bbea5e62cc72ce8e, type: 3}
  m_Name: Dialogue Start
  m_EditorClassIdentifier: 
  graph: {fileID: 11400000}
  position: {x: -552, y: -168}
  ports:
    keys:
    - input
    - output
    values:
    - _fieldName: input
      _node: {fileID: 114036650065126420}
      _typeQualifiedName: DialogueBaseNode, Assembly-CSharp, Version=0.0.0.0, Culture=neutral,
        PublicKeyToken=null
      connections: []
      _direction: 0
      _connectionType: 0
      _typeConstraint: 1
      _dynamic: 0
    - _fieldName: output
      _node: {fileID: 114036650065126420}
      _typeQualifiedName: DialogueBaseNode, Assembly-CSharp, Version=0.0.0.0, Culture=neutral,
        PublicKeyToken=null
      connections:
      - fieldName: input
        node: {fileID: 114894678963165878}
        reroutePoints: []
      _direction: 1
      _connectionType: 0
      _typeConstraint: 0
      _dynamic: 0
  input: {fileID: 0}
  output: {fileID: 0}
--- !u!114 &114069542656480172
MonoBehaviour:
  m_ObjectHideFlags: 0
  m_CorrespondingSourceObject: {fileID: 0}
  m_PrefabInstance: {fileID: 0}
  m_PrefabAsset: {fileID: 0}
  m_GameObject: {fileID: 0}
  m_Enabled: 1
  m_EditorHideFlags: 0
  m_Script: {fileID: 11500000, guid: 14634b91cb00a71418ba169f79387895, type: 3}
  m_Name: Close Dialogue
  m_EditorClassIdentifier: 
  graph: {fileID: 11400000}
  position: {x: 760, y: -280}
  ports:
    keys:
    - input
    - output
    values:
    - _fieldName: input
      _node: {fileID: 114069542656480172}
      _typeQualifiedName: DialogueBaseNode, Assembly-CSharp, Version=0.0.0.0, Culture=neutral,
        PublicKeyToken=null
      connections:
      - fieldName: fail
        node: {fileID: 114622266834257452}
        reroutePoints: []
      _direction: 0
      _connectionType: 0
      _typeConstraint: 1
      _dynamic: 0
    - _fieldName: output
      _node: {fileID: 114069542656480172}
      _typeQualifiedName: DialogueBaseNode, Assembly-CSharp, Version=0.0.0.0, Culture=neutral,
        PublicKeyToken=null
      connections: []
      _direction: 1
      _connectionType: 0
      _typeConstraint: 0
      _dynamic: 0
  input: {fileID: 0}
  output: {fileID: 0}
--- !u!114 &114125334238800970
MonoBehaviour:
  m_ObjectHideFlags: 0
  m_CorrespondingSourceObject: {fileID: 0}
  m_PrefabInstance: {fileID: 0}
  m_PrefabAsset: {fileID: 0}
  m_GameObject: {fileID: 0}
  m_Enabled: 1
  m_EditorHideFlags: 0
  m_Script: {fileID: 11500000, guid: 4d7d47f9c7b6d744b80808cb7c47fcb0, type: 3}
  m_Name: Chat
  m_EditorClassIdentifier: 
  graph: {fileID: 11400000}
  position: {x: 24, y: -328}
  ports:
    keys:
    - Answers
    - input
    - output
    values:
    - _fieldName: Answers
      _node: {fileID: 114125334238800970}
      _typeQualifiedName: System.Collections.Generic.List`1[[System.String, mscorlib,
        Version=4.0.0.0, Culture=neutral, PublicKeyToken=b77a5c561934e089]], mscorlib,
        Version=4.0.0.0, Culture=neutral, PublicKeyToken=b77a5c561934e089
      connections: []
      _direction: 1
      _connectionType: 0
      _typeConstraint: 0
      _dynamic: 0
    - _fieldName: input
      _node: {fileID: 114125334238800970}
      _typeQualifiedName: DialogueBaseNode, Assembly-CSharp, Version=0.0.0.0, Culture=neutral,
        PublicKeyToken=null
      connections:
      - fieldName: Dialogue 0
        node: {fileID: 114894678963165878}
        reroutePoints: []
      _direction: 0
      _connectionType: 0
      _typeConstraint: 1
      _dynamic: 0
    - _fieldName: output
      _node: {fileID: 114125334238800970}
      _typeQualifiedName: DialogueBaseNode, Assembly-CSharp, Version=0.0.0.0, Culture=neutral,
        PublicKeyToken=null
      connections:
      - fieldName: input
        node: {fileID: 114622266834257452}
        reroutePoints: []
      _direction: 1
      _connectionType: 0
      _typeConstraint: 0
      _dynamic: 0
  input: {fileID: 0}
  output: {fileID: 0}
  Speaker: 1
  Instant: 0
  Text: SHOP_WELCOME
  Answers: []
--- !u!114 &114416133896512332
MonoBehaviour:
  m_ObjectHideFlags: 0
  m_CorrespondingSourceObject: {fileID: 0}
  m_PrefabInstance: {fileID: 0}
  m_PrefabAsset: {fileID: 0}
  m_GameObject: {fileID: 0}
  m_Enabled: 1
  m_EditorHideFlags: 0
  m_Script: {fileID: 11500000, guid: 14634b91cb00a71418ba169f79387895, type: 3}
  m_Name: Close Dialogue
  m_EditorClassIdentifier: 
  graph: {fileID: 11400000}
  position: {x: 1080, y: -136}
  ports:
    keys:
    - input
    - output
    values:
    - _fieldName: input
      _node: {fileID: 114416133896512332}
      _typeQualifiedName: DialogueBaseNode, Assembly-CSharp, Version=0.0.0.0, Culture=neutral,
        PublicKeyToken=null
      connections:
      - fieldName: output
        node: {fileID: 114763587606418708}
        reroutePoints: []
      _direction: 0
      _connectionType: 0
      _typeConstraint: 1
      _dynamic: 0
    - _fieldName: output
      _node: {fileID: 114416133896512332}
      _typeQualifiedName: DialogueBaseNode, Assembly-CSharp, Version=0.0.0.0, Culture=neutral,
        PublicKeyToken=null
      connections: []
      _direction: 1
      _connectionType: 0
      _typeConstraint: 0
      _dynamic: 0
  input: {fileID: 0}
  output: {fileID: 0}
--- !u!114 &114579532174230656
MonoBehaviour:
  m_ObjectHideFlags: 0
  m_CorrespondingSourceObject: {fileID: 0}
  m_PrefabInstance: {fileID: 0}
  m_PrefabAsset: {fileID: 0}
  m_GameObject: {fileID: 0}
  m_Enabled: 1
  m_EditorHideFlags: 0
  m_Script: {fileID: 11500000, guid: 14634b91cb00a71418ba169f79387895, type: 3}
  m_Name: Close Dialogue
  m_EditorClassIdentifier: 
  graph: {fileID: 11400000}
  position: {x: 1080, y: 88}
  ports:
    keys:
    - input
    - output
    values:
    - _fieldName: input
      _node: {fileID: 114579532174230656}
      _typeQualifiedName: DialogueBaseNode, Assembly-CSharp, Version=0.0.0.0, Culture=neutral,
        PublicKeyToken=null
      connections:
      - fieldName: output
        node: {fileID: 114897907233479192}
        reroutePoints: []
      _direction: 0
      _connectionType: 0
      _typeConstraint: 1
      _dynamic: 0
    - _fieldName: output
      _node: {fileID: 114579532174230656}
      _typeQualifiedName: DialogueBaseNode, Assembly-CSharp, Version=0.0.0.0, Culture=neutral,
        PublicKeyToken=null
      connections: []
      _direction: 1
      _connectionType: 0
      _typeConstraint: 0
      _dynamic: 0
  input: {fileID: 0}
  output: {fileID: 0}
--- !u!114 &114622266834257452
MonoBehaviour:
  m_ObjectHideFlags: 0
  m_CorrespondingSourceObject: {fileID: 0}
  m_PrefabInstance: {fileID: 0}
  m_PrefabAsset: {fileID: 0}
  m_GameObject: {fileID: 0}
  m_Enabled: 1
  m_EditorHideFlags: 0
  m_Script: {fileID: 11500000, guid: e692c090318ed9041a351529ec196d7f, type: 3}
  m_Name: Quest Available
  m_EditorClassIdentifier: 
  graph: {fileID: 11400000}
  position: {x: 376, y: -328}
  ports:
    keys:
    - pass
    - fail
    - input
    - output
    values:
    - _fieldName: pass
      _node: {fileID: 114622266834257452}
      _typeQualifiedName: DialogueBaseNode, Assembly-CSharp, Version=0.0.0.0, Culture=neutral,
        PublicKeyToken=null
      connections:
      - fieldName: input
        node: {fileID: 114012753922209440}
        reroutePoints: []
      _direction: 1
      _connectionType: 0
      _typeConstraint: 0
      _dynamic: 0
    - _fieldName: fail
      _node: {fileID: 114622266834257452}
      _typeQualifiedName: DialogueBaseNode, Assembly-CSharp, Version=0.0.0.0, Culture=neutral,
        PublicKeyToken=null
      connections:
      - fieldName: input
        node: {fileID: 114069542656480172}
        reroutePoints: []
      _direction: 1
      _connectionType: 0
      _typeConstraint: 0
      _dynamic: 0
    - _fieldName: input
      _node: {fileID: 114622266834257452}
      _typeQualifiedName: DialogueBaseNode, Assembly-CSharp, Version=0.0.0.0, Culture=neutral,
        PublicKeyToken=null
      connections:
      - fieldName: output
        node: {fileID: 114125334238800970}
        reroutePoints: []
      _direction: 0
      _connectionType: 0
      _typeConstraint: 1
      _dynamic: 0
    - _fieldName: output
      _node: {fileID: 114622266834257452}
      _typeQualifiedName: DialogueBaseNode, Assembly-CSharp, Version=0.0.0.0, Culture=neutral,
        PublicKeyToken=null
      connections: []
      _direction: 1
      _connectionType: 0
      _typeConstraint: 0
      _dynamic: 0
  input: {fileID: 0}
  output: {fileID: 0}
  pass: {fileID: 0}
  fail: {fileID: 0}
  Success: 1
--- !u!114 &114638291750719576
MonoBehaviour:
  m_ObjectHideFlags: 0
  m_CorrespondingSourceObject: {fileID: 0}
  m_PrefabInstance: {fileID: 0}
  m_PrefabAsset: {fileID: 0}
  m_GameObject: {fileID: 0}
  m_Enabled: 1
  m_EditorHideFlags: 0
  m_Script: {fileID: 11500000, guid: 89d8c344c53970040b1cd8360eae96ad, type: 3}
  m_Name: Open Quest
  m_EditorClassIdentifier: 
  graph: {fileID: 11400000}
  position: {x: 648, y: 312}
  ports:
    keys:
    - input
    - output
    values:
    - _fieldName: input
      _node: {fileID: 114638291750719576}
      _typeQualifiedName: DialogueBaseNode, Assembly-CSharp, Version=0.0.0.0, Culture=neutral,
        PublicKeyToken=null
      connections:
      - fieldName: pass
        node: {fileID: 114822265024415942}
        reroutePoints: []
      _direction: 0
      _connectionType: 0
      _typeConstraint: 1
      _dynamic: 0
    - _fieldName: output
      _node: {fileID: 114638291750719576}
      _typeQualifiedName: DialogueBaseNode, Assembly-CSharp, Version=0.0.0.0, Culture=neutral,
        PublicKeyToken=null
      connections: []
      _direction: 1
      _connectionType: 0
      _typeConstraint: 0
      _dynamic: 0
  input: {fileID: 0}
  output: {fileID: 0}
--- !u!114 &114691467111082120
MonoBehaviour:
  m_ObjectHideFlags: 0
  m_CorrespondingSourceObject: {fileID: 0}
  m_PrefabInstance: {fileID: 0}
  m_PrefabAsset: {fileID: 0}
  m_GameObject: {fileID: 0}
  m_Enabled: 1
  m_EditorHideFlags: 0
  m_Script: {fileID: 11500000, guid: 4d7d47f9c7b6d744b80808cb7c47fcb0, type: 3}
  m_Name: Chat
  m_EditorClassIdentifier: 
  graph: {fileID: 11400000}
  position: {x: 648, y: 488}
  ports:
    keys:
    - Answers
    - input
    - output
    values:
    - _fieldName: Answers
      _node: {fileID: 114691467111082120}
      _typeQualifiedName: System.Collections.Generic.List`1[[System.String, mscorlib,
        Version=4.0.0.0, Culture=neutral, PublicKeyToken=b77a5c561934e089]], mscorlib,
        Version=4.0.0.0, Culture=neutral, PublicKeyToken=b77a5c561934e089
      connections: []
      _direction: 1
      _connectionType: 0
      _typeConstraint: 0
      _dynamic: 0
    - _fieldName: input
      _node: {fileID: 114691467111082120}
      _typeQualifiedName: DialogueBaseNode, Assembly-CSharp, Version=0.0.0.0, Culture=neutral,
        PublicKeyToken=null
      connections:
      - fieldName: fail
        node: {fileID: 114822265024415942}
        reroutePoints: []
      _direction: 0
      _connectionType: 0
      _typeConstraint: 1
      _dynamic: 0
    - _fieldName: output
      _node: {fileID: 114691467111082120}
      _typeQualifiedName: DialogueBaseNode, Assembly-CSharp, Version=0.0.0.0, Culture=neutral,
        PublicKeyToken=null
      connections:
      - fieldName: input
        node: {fileID: 114756361186077210}
        reroutePoints: []
      _direction: 1
      _connectionType: 0
      _typeConstraint: 0
      _dynamic: 0
  input: {fileID: 0}
  output: {fileID: 0}
  Speaker: 1
  Instant: 0
  Text: SHOP_WELCOME4
  Answers: []
--- !u!114 &114756361186077210
MonoBehaviour:
  m_ObjectHideFlags: 0
  m_CorrespondingSourceObject: {fileID: 0}
  m_PrefabInstance: {fileID: 0}
  m_PrefabAsset: {fileID: 0}
  m_GameObject: {fileID: 0}
  m_Enabled: 1
  m_EditorHideFlags: 0
  m_Script: {fileID: 11500000, guid: 14634b91cb00a71418ba169f79387895, type: 3}
  m_Name: Close Dialogue
  m_EditorClassIdentifier: 
  graph: {fileID: 11400000}
  position: {x: 1048, y: 488}
  ports:
    keys:
    - input
    - output
    values:
    - _fieldName: input
      _node: {fileID: 114756361186077210}
      _typeQualifiedName: DialogueBaseNode, Assembly-CSharp, Version=0.0.0.0, Culture=neutral,
        PublicKeyToken=null
      connections:
      - fieldName: output
        node: {fileID: 114691467111082120}
        reroutePoints: []
      _direction: 0
      _connectionType: 0
      _typeConstraint: 1
      _dynamic: 0
    - _fieldName: output
      _node: {fileID: 114756361186077210}
      _typeQualifiedName: DialogueBaseNode, Assembly-CSharp, Version=0.0.0.0, Culture=neutral,
        PublicKeyToken=null
      connections: []
      _direction: 1
      _connectionType: 0
      _typeConstraint: 0
      _dynamic: 0
  input: {fileID: 0}
  output: {fileID: 0}
--- !u!114 &114763587606418708
MonoBehaviour:
  m_ObjectHideFlags: 0
  m_CorrespondingSourceObject: {fileID: 0}
  m_PrefabInstance: {fileID: 0}
  m_PrefabAsset: {fileID: 0}
  m_GameObject: {fileID: 0}
  m_Enabled: 1
  m_EditorHideFlags: 0
  m_Script: {fileID: 11500000, guid: 4d7d47f9c7b6d744b80808cb7c47fcb0, type: 3}
  m_Name: Chat
  m_EditorClassIdentifier: 
  graph: {fileID: 11400000}
  position: {x: 680, y: -136}
  ports:
    keys:
    - Answers
    - input
    - output
    values:
    - _fieldName: Answers
      _node: {fileID: 114763587606418708}
      _typeQualifiedName: System.Collections.Generic.List`1[[System.String, mscorlib,
        Version=4.0.0.0, Culture=neutral, PublicKeyToken=b77a5c561934e089]], mscorlib,
        Version=4.0.0.0, Culture=neutral, PublicKeyToken=b77a5c561934e089
      connections: []
      _direction: 1
      _connectionType: 0
      _typeConstraint: 0
      _dynamic: 0
    - _fieldName: input
      _node: {fileID: 114763587606418708}
      _typeQualifiedName: DialogueBaseNode, Assembly-CSharp, Version=0.0.0.0, Culture=neutral,
        PublicKeyToken=null
      connections:
      - fieldName: pass
        node: {fileID: 114964328691119676}
        reroutePoints: []
      _direction: 0
      _connectionType: 0
      _typeConstraint: 1
      _dynamic: 0
    - _fieldName: output
      _node: {fileID: 114763587606418708}
      _typeQualifiedName: DialogueBaseNode, Assembly-CSharp, Version=0.0.0.0, Culture=neutral,
        PublicKeyToken=null
      connections:
      - fieldName: input
        node: {fileID: 114416133896512332}
        reroutePoints: []
      _direction: 1
      _connectionType: 0
      _typeConstraint: 0
      _dynamic: 0
  input: {fileID: 0}
  output: {fileID: 0}
  Speaker: 1
  Instant: 0
  Text: SHOP_WELCOME2
  Answers: []
--- !u!114 &114776961185335594
MonoBehaviour:
  m_ObjectHideFlags: 0
  m_CorrespondingSourceObject: {fileID: 0}
  m_PrefabInstance: {fileID: 0}
  m_PrefabAsset: {fileID: 0}
  m_GameObject: {fileID: 0}
  m_Enabled: 1
  m_EditorHideFlags: 0
  m_Script: {fileID: 11500000, guid: 913780f0af96b7f49af6679b35db701b, type: 3}
  m_Name: Quest Accepted
  m_EditorClassIdentifier: 
  graph: {fileID: 11400000}
  position: {x: 8, y: 136}
  ports:
    keys:
    - pass
    - fail
    - input
    - output
    values:
    - _fieldName: pass
      _node: {fileID: 114776961185335594}
      _typeQualifiedName: DialogueBaseNode, Assembly-CSharp, Version=0.0.0.0, Culture=neutral,
        PublicKeyToken=null
      connections:
      - fieldName: input
        node: {fileID: 114964328691119676}
        reroutePoints: []
      _direction: 1
      _connectionType: 0
      _typeConstraint: 0
      _dynamic: 0
    - _fieldName: fail
      _node: {fileID: 114776961185335594}
      _typeQualifiedName: DialogueBaseNode, Assembly-CSharp, Version=0.0.0.0, Culture=neutral,
        PublicKeyToken=null
      connections:
      - fieldName: input
        node: {fileID: 114822265024415942}
        reroutePoints: []
      _direction: 1
      _connectionType: 0
      _typeConstraint: 0
      _dynamic: 0
    - _fieldName: input
      _node: {fileID: 114776961185335594}
      _typeQualifiedName: DialogueBaseNode, Assembly-CSharp, Version=0.0.0.0, Culture=neutral,
        PublicKeyToken=null
      connections:
      - fieldName: Dialogue 1
        node: {fileID: 114894678963165878}
        reroutePoints: []
      _direction: 0
      _connectionType: 0
      _typeConstraint: 1
      _dynamic: 0
    - _fieldName: output
      _node: {fileID: 114776961185335594}
      _typeQualifiedName: DialogueBaseNode, Assembly-CSharp, Version=0.0.0.0, Culture=neutral,
        PublicKeyToken=null
      connections: []
      _direction: 1
      _connectionType: 0
      _typeConstraint: 0
      _dynamic: 0
  input: {fileID: 0}
  output: {fileID: 0}
  pass: {fileID: 0}
  fail: {fileID: 0}
  Success: 1
--- !u!114 &114822265024415942
MonoBehaviour:
  m_ObjectHideFlags: 0
  m_CorrespondingSourceObject: {fileID: 0}
  m_PrefabInstance: {fileID: 0}
  m_PrefabAsset: {fileID: 0}
  m_GameObject: {fileID: 0}
  m_Enabled: 1
  m_EditorHideFlags: 0
  m_Script: {fileID: 11500000, guid: e692c090318ed9041a351529ec196d7f, type: 3}
  m_Name: Quest Available
  m_EditorClassIdentifier: 
  graph: {fileID: 11400000}
  position: {x: 328, y: 328}
  ports:
    keys:
    - pass
    - fail
    - input
    - output
    values:
    - _fieldName: pass
      _node: {fileID: 114822265024415942}
      _typeQualifiedName: DialogueBaseNode, Assembly-CSharp, Version=0.0.0.0, Culture=neutral,
        PublicKeyToken=null
      connections:
      - fieldName: input
        node: {fileID: 114638291750719576}
        reroutePoints: []
      _direction: 1
      _connectionType: 0
      _typeConstraint: 0
      _dynamic: 0
    - _fieldName: fail
      _node: {fileID: 114822265024415942}
      _typeQualifiedName: DialogueBaseNode, Assembly-CSharp, Version=0.0.0.0, Culture=neutral,
        PublicKeyToken=null
      connections:
      - fieldName: input
        node: {fileID: 114691467111082120}
        reroutePoints: []
      _direction: 1
      _connectionType: 0
      _typeConstraint: 0
      _dynamic: 0
    - _fieldName: input
      _node: {fileID: 114822265024415942}
      _typeQualifiedName: DialogueBaseNode, Assembly-CSharp, Version=0.0.0.0, Culture=neutral,
        PublicKeyToken=null
      connections:
      - fieldName: fail
        node: {fileID: 114776961185335594}
        reroutePoints: []
      _direction: 0
      _connectionType: 0
      _typeConstraint: 1
      _dynamic: 0
    - _fieldName: output
      _node: {fileID: 114822265024415942}
      _typeQualifiedName: DialogueBaseNode, Assembly-CSharp, Version=0.0.0.0, Culture=neutral,
        PublicKeyToken=null
      connections: []
      _direction: 1
      _connectionType: 0
      _typeConstraint: 0
      _dynamic: 0
  input: {fileID: 0}
  output: {fileID: 0}
  pass: {fileID: 0}
  fail: {fileID: 0}
  Success: 0
--- !u!114 &114894678963165878
MonoBehaviour:
  m_ObjectHideFlags: 0
  m_CorrespondingSourceObject: {fileID: 0}
  m_PrefabInstance: {fileID: 0}
  m_PrefabAsset: {fileID: 0}
  m_GameObject: {fileID: 0}
  m_Enabled: 1
  m_EditorHideFlags: 0
  m_Script: {fileID: 11500000, guid: a4e95272d18a5ee40bc3737743d4ad22, type: 3}
  m_Name: Dialogue Decision
  m_EditorClassIdentifier: 
  graph: {fileID: 11400000}
  position: {x: -312, y: -168}
  ports:
    keys:
    - DefaultDialogue
    - input
    - output
    - Dialogue 0
    - Dialogue 1
    values:
    - _fieldName: DefaultDialogue
      _node: {fileID: 114894678963165878}
      _typeQualifiedName: DialogueBaseNode, Assembly-CSharp, Version=0.0.0.0, Culture=neutral,
        PublicKeyToken=null
      connections: []
      _direction: 1
      _connectionType: 0
      _typeConstraint: 0
      _dynamic: 0
    - _fieldName: input
      _node: {fileID: 114894678963165878}
      _typeQualifiedName: DialogueBaseNode, Assembly-CSharp, Version=0.0.0.0, Culture=neutral,
        PublicKeyToken=null
      connections:
      - fieldName: output
        node: {fileID: 114036650065126420}
        reroutePoints: []
      _direction: 0
      _connectionType: 0
      _typeConstraint: 1
      _dynamic: 0
    - _fieldName: output
      _node: {fileID: 114894678963165878}
      _typeQualifiedName: DialogueBaseNode, Assembly-CSharp, Version=0.0.0.0, Culture=neutral,
        PublicKeyToken=null
      connections: []
      _direction: 1
      _connectionType: 0
      _typeConstraint: 0
      _dynamic: 0
    - _fieldName: Dialogue 0
      _node: {fileID: 114894678963165878}
      _typeQualifiedName: DialogueBaseNode, Assembly-CSharp, Version=0.0.0.0, Culture=neutral,
        PublicKeyToken=null
      connections:
      - fieldName: input
        node: {fileID: 114125334238800970}
        reroutePoints: []
      _direction: 1
      _connectionType: 1
      _typeConstraint: 0
      _dynamic: 1
    - _fieldName: Dialogue 1
      _node: {fileID: 114894678963165878}
      _typeQualifiedName: DialogueBaseNode, Assembly-CSharp, Version=0.0.0.0, Culture=neutral,
        PublicKeyToken=null
      connections:
      - fieldName: input
        node: {fileID: 114776961185335594}
        reroutePoints: []
      _direction: 1
      _connectionType: 1
      _typeConstraint: 0
      _dynamic: 1
  input: {fileID: 0}
  output: {fileID: 0}
  FirstResponse: 2
  number: 0100000001000000
  Types: 0000000001000000
  DefaultDialogue: {fileID: 0}
--- !u!114 &114897907233479192
MonoBehaviour:
  m_ObjectHideFlags: 0
  m_CorrespondingSourceObject: {fileID: 0}
  m_PrefabInstance: {fileID: 0}
  m_PrefabAsset: {fileID: 0}
  m_GameObject: {fileID: 0}
  m_Enabled: 1
  m_EditorHideFlags: 0
  m_Script: {fileID: 11500000, guid: 4d7d47f9c7b6d744b80808cb7c47fcb0, type: 3}
  m_Name: Chat
  m_EditorClassIdentifier: 
  graph: {fileID: 11400000}
  position: {x: 680, y: 88}
  ports:
    keys:
    - Answers
    - input
    - output
    values:
    - _fieldName: Answers
      _node: {fileID: 114897907233479192}
      _typeQualifiedName: System.Collections.Generic.List`1[[System.String, mscorlib,
        Version=4.0.0.0, Culture=neutral, PublicKeyToken=b77a5c561934e089]], mscorlib,
        Version=4.0.0.0, Culture=neutral, PublicKeyToken=b77a5c561934e089
      connections: []
      _direction: 1
      _connectionType: 0
      _typeConstraint: 0
      _dynamic: 0
    - _fieldName: input
      _node: {fileID: 114897907233479192}
      _typeQualifiedName: DialogueBaseNode, Assembly-CSharp, Version=0.0.0.0, Culture=neutral,
        PublicKeyToken=null
      connections:
      - fieldName: fail
        node: {fileID: 114964328691119676}
        reroutePoints: []
      _direction: 0
      _connectionType: 0
      _typeConstraint: 1
      _dynamic: 0
    - _fieldName: output
      _node: {fileID: 114897907233479192}
      _typeQualifiedName: DialogueBaseNode, Assembly-CSharp, Version=0.0.0.0, Culture=neutral,
        PublicKeyToken=null
      connections:
      - fieldName: input
        node: {fileID: 114579532174230656}
        reroutePoints: []
      _direction: 1
      _connectionType: 0
      _typeConstraint: 0
      _dynamic: 0
  input: {fileID: 0}
  output: {fileID: 0}
  Speaker: 1
  Instant: 0
  Text: SHOP_WELCOME3
  Answers: []
--- !u!114 &114942176762013102
MonoBehaviour:
  m_ObjectHideFlags: 0
  m_CorrespondingSourceObject: {fileID: 0}
  m_PrefabInstance: {fileID: 0}
  m_PrefabAsset: {fileID: 0}
  m_GameObject: {fileID: 0}
  m_Enabled: 1
  m_EditorHideFlags: 0
  m_Script: {fileID: 11500000, guid: 89d8c344c53970040b1cd8360eae96ad, type: 3}
  m_Name: Open Quest
  m_EditorClassIdentifier: 
  graph: {fileID: 11400000}
  position: {x: 1096, y: -424}
  ports:
    keys:
    - input
    - output
    values:
    - _fieldName: input
      _node: {fileID: 114942176762013102}
      _typeQualifiedName: DialogueBaseNode, Assembly-CSharp, Version=0.0.0.0, Culture=neutral,
        PublicKeyToken=null
      connections:
      - fieldName: output
        node: {fileID: 114012753922209440}
        reroutePoints: []
      _direction: 0
      _connectionType: 0
      _typeConstraint: 1
      _dynamic: 0
    - _fieldName: output
      _node: {fileID: 114942176762013102}
      _typeQualifiedName: DialogueBaseNode, Assembly-CSharp, Version=0.0.0.0, Culture=neutral,
        PublicKeyToken=null
      connections: []
      _direction: 1
      _connectionType: 0
      _typeConstraint: 0
      _dynamic: 0
  input: {fileID: 0}
  output: {fileID: 0}
--- !u!114 &114964328691119676
MonoBehaviour:
  m_ObjectHideFlags: 0
  m_CorrespondingSourceObject: {fileID: 0}
  m_PrefabInstance: {fileID: 0}
  m_PrefabAsset: {fileID: 0}
  m_GameObject: {fileID: 0}
  m_Enabled: 1
  m_EditorHideFlags: 0
  m_Script: {fileID: 11500000, guid: 583ad8745348cfe448dc92c575910d13, type: 3}
  m_Name: Quest Completed
  m_EditorClassIdentifier: 
  graph: {fileID: 11400000}
  position: {x: 328, y: -40}
  ports:
    keys:
    - pass
    - fail
    - input
    - output
    values:
    - _fieldName: pass
      _node: {fileID: 114964328691119676}
      _typeQualifiedName: DialogueBaseNode, Assembly-CSharp, Version=0.0.0.0, Culture=neutral,
        PublicKeyToken=null
      connections:
      - fieldName: input
        node: {fileID: 114763587606418708}
        reroutePoints: []
      _direction: 1
      _connectionType: 0
      _typeConstraint: 0
      _dynamic: 0
    - _fieldName: fail
      _node: {fileID: 114964328691119676}
      _typeQualifiedName: DialogueBaseNode, Assembly-CSharp, Version=0.0.0.0, Culture=neutral,
        PublicKeyToken=null
      connections:
      - fieldName: input
        node: {fileID: 114897907233479192}
        reroutePoints: []
      _direction: 1
      _connectionType: 0
      _typeConstraint: 0
      _dynamic: 0
    - _fieldName: input
      _node: {fileID: 114964328691119676}
      _typeQualifiedName: DialogueBaseNode, Assembly-CSharp, Version=0.0.0.0, Culture=neutral,
        PublicKeyToken=null
      connections:
      - fieldName: pass
        node: {fileID: 114776961185335594}
        reroutePoints: []
      _direction: 0
      _connectionType: 0
      _typeConstraint: 1
      _dynamic: 0
    - _fieldName: output
      _node: {fileID: 114964328691119676}
      _typeQualifiedName: DialogueBaseNode, Assembly-CSharp, Version=0.0.0.0, Culture=neutral,
        PublicKeyToken=null
      connections: []
      _direction: 1
      _connectionType: 0
      _typeConstraint: 0
      _dynamic: 0
  input: {fileID: 0}
  output: {fileID: 0}
  pass: {fileID: 0}
  fail: {fileID: 0}
  Success: 0
