%YAML 1.1
%TAG !u! tag:unity3d.com,2011:
--- !u!1 &5235572
GameObject:
  m_ObjectHideFlags: 0
  m_CorrespondingSourceObject: {fileID: 0}
  m_PrefabInstance: {fileID: 0}
  m_PrefabAsset: {fileID: 0}
  serializedVersion: 6
  m_Component:
  - component: {fileID: 5235573}
  - component: {fileID: 5235574}
  m_Layer: 0
  m_Name: murofuente
  m_TagString: Untagged
  m_Icon: {fileID: 0}
  m_NavMeshLayer: 0
  m_StaticEditorFlags: 0
  m_IsActive: 1
--- !u!4 &5235573
Transform:
  m_ObjectHideFlags: 0
  m_CorrespondingSourceObject: {fileID: 0}
  m_PrefabInstance: {fileID: 0}
  m_PrefabAsset: {fileID: 0}
  m_GameObject: {fileID: 5235572}
  m_LocalRotation: {x: -3.5527137e-15, y: -0.805732, z: -0, w: 0.5922804}
  m_LocalPosition: {x: -2.163, y: 0.192, z: -0.503}
  m_LocalScale: {x: 1, y: 1, z: 1}
  m_Children: []
  m_Father: {fileID: 1273584446988878210}
  m_RootOrder: 7
  m_LocalEulerAnglesHint: {x: 0, y: -107.36201, z: 0}
--- !u!65 &5235574
BoxCollider:
  m_ObjectHideFlags: 0
  m_CorrespondingSourceObject: {fileID: 0}
  m_PrefabInstance: {fileID: 0}
  m_PrefabAsset: {fileID: 0}
  m_GameObject: {fileID: 5235572}
  m_Material: {fileID: 0}
  m_IsTrigger: 0
  m_Enabled: 1
  serializedVersion: 2
  m_Size: {x: 1.1848896, y: 1.1056646, z: 0.48423252}
  m_Center: {x: -0.09245207, y: 0.05283218, z: -0.25789553}
--- !u!1 &49322367
GameObject:
  m_ObjectHideFlags: 0
  m_CorrespondingSourceObject: {fileID: 0}
  m_PrefabInstance: {fileID: 0}
  m_PrefabAsset: {fileID: 0}
  serializedVersion: 6
  m_Component:
  - component: {fileID: 49322368}
  - component: {fileID: 49322369}
  m_Layer: 0
  m_Name: murofuente
  m_TagString: Untagged
  m_Icon: {fileID: 0}
  m_NavMeshLayer: 0
  m_StaticEditorFlags: 0
  m_IsActive: 1
--- !u!4 &49322368
Transform:
  m_ObjectHideFlags: 0
  m_CorrespondingSourceObject: {fileID: 0}
  m_PrefabInstance: {fileID: 0}
  m_PrefabAsset: {fileID: 0}
  m_GameObject: {fileID: 49322367}
  m_LocalRotation: {x: -7.1054274e-15, y: 0.13046587, z: 6.217249e-15, w: 0.9914528}
  m_LocalPosition: {x: -0.41928798, y: 0.19199973, z: -1.651705}
  m_LocalScale: {x: 1, y: 1, z: 1}
  m_Children: []
  m_Father: {fileID: 1273584446988878210}
  m_RootOrder: 4
  m_LocalEulerAnglesHint: {x: 0, y: 14.993001, z: 0}
--- !u!65 &49322369
BoxCollider:
  m_ObjectHideFlags: 0
  m_CorrespondingSourceObject: {fileID: 0}
  m_PrefabInstance: {fileID: 0}
  m_PrefabAsset: {fileID: 0}
  m_GameObject: {fileID: 49322367}
  m_Material: {fileID: 0}
  m_IsTrigger: 0
  m_Enabled: 1
  serializedVersion: 2
  m_Size: {x: 1.1848896, y: 1.1056646, z: 0.52301276}
  m_Center: {x: -0.09245206, y: 0.05283218, z: -0.2385054}
--- !u!1 &52162311
GameObject:
  m_ObjectHideFlags: 0
  m_CorrespondingSourceObject: {fileID: 0}
  m_PrefabInstance: {fileID: 0}
  m_PrefabAsset: {fileID: 0}
  serializedVersion: 6
  m_Component:
  - component: {fileID: 52162312}
  - component: {fileID: 52162313}
  m_Layer: 9
  m_Name: suelofuente (3)
  m_TagString: Untagged
  m_Icon: {fileID: 0}
  m_NavMeshLayer: 0
  m_StaticEditorFlags: 0
  m_IsActive: 1
--- !u!4 &52162312
Transform:
  m_ObjectHideFlags: 0
  m_CorrespondingSourceObject: {fileID: 0}
  m_PrefabInstance: {fileID: 0}
  m_PrefabAsset: {fileID: 0}
  m_GameObject: {fileID: 52162311}
  m_LocalRotation: {x: -0, y: -0.913876, z: -0, w: 0.40599343}
  m_LocalPosition: {x: -0.17648548, y: 0.049000002, z: 0.07837147}
  m_LocalScale: {x: 1, y: 1, z: 1}
  m_Children: []
  m_Father: {fileID: 1273584446988878210}
  m_RootOrder: 17
  m_LocalEulerAnglesHint: {x: 0, y: -132.093, z: 0}
--- !u!65 &52162313
BoxCollider:
  m_ObjectHideFlags: 0
  m_CorrespondingSourceObject: {fileID: 0}
  m_PrefabInstance: {fileID: 0}
  m_PrefabAsset: {fileID: 0}
  m_GameObject: {fileID: 52162311}
  m_Material: {fileID: 0}
  m_IsTrigger: 0
  m_Enabled: 1
  serializedVersion: 2
  m_Size: {x: 3.9200993, y: 0.27405787, z: 1}
  m_Center: {x: -0.10563813, y: 0.1622772, z: 1.2623531e-15}
--- !u!1 &113621385
GameObject:
  m_ObjectHideFlags: 0
  m_CorrespondingSourceObject: {fileID: 0}
  m_PrefabInstance: {fileID: 0}
  m_PrefabAsset: {fileID: 0}
  serializedVersion: 6
  m_Component:
  - component: {fileID: 113621386}
  - component: {fileID: 113621387}
  m_Layer: 0
  m_Name: murofuente
  m_TagString: Untagged
  m_Icon: {fileID: 0}
  m_NavMeshLayer: 0
  m_StaticEditorFlags: 0
  m_IsActive: 1
--- !u!4 &113621386
Transform:
  m_ObjectHideFlags: 0
  m_CorrespondingSourceObject: {fileID: 0}
  m_PrefabInstance: {fileID: 0}
  m_PrefabAsset: {fileID: 0}
  m_GameObject: {fileID: 113621385}
  m_LocalRotation: {x: -1.4210855e-14, y: -0.60921633, z: -3.5527137e-15, w: 0.7930041}
  m_LocalPosition: {x: -2.1982512, y: 0.19199976, z: 0.69940406}
  m_LocalScale: {x: 1, y: 1, z: 1}
  m_Children: []
  m_Father: {fileID: 1273584446988878210}
  m_RootOrder: 6
  m_LocalEulerAnglesHint: {x: 0, y: -75.066, z: 0}
--- !u!65 &113621387
BoxCollider:
  m_ObjectHideFlags: 0
  m_CorrespondingSourceObject: {fileID: 0}
  m_PrefabInstance: {fileID: 0}
  m_PrefabAsset: {fileID: 0}
  m_GameObject: {fileID: 113621385}
  m_Material: {fileID: 0}
  m_IsTrigger: 0
  m_Enabled: 1
  serializedVersion: 2
  m_Size: {x: 1.1848896, y: 1.1056646, z: 0.51326627}
  m_Center: {x: -0.09245207, y: 0.052832182, z: -0.27241245}
--- !u!1 &425186096
GameObject:
  m_ObjectHideFlags: 0
  m_CorrespondingSourceObject: {fileID: 0}
  m_PrefabInstance: {fileID: 0}
  m_PrefabAsset: {fileID: 0}
  serializedVersion: 6
  m_Component:
  - component: {fileID: 425186097}
  - component: {fileID: 425186098}
  m_Layer: 0
  m_Name: murofuente
  m_TagString: Untagged
  m_Icon: {fileID: 0}
  m_NavMeshLayer: 0
  m_StaticEditorFlags: 0
  m_IsActive: 1
--- !u!4 &425186097
Transform:
  m_ObjectHideFlags: 0
  m_CorrespondingSourceObject: {fileID: 0}
  m_PrefabInstance: {fileID: 0}
  m_PrefabAsset: {fileID: 0}
  m_GameObject: {fileID: 425186096}
  m_LocalRotation: {x: -0, y: -0.6132987, z: -7.105428e-15, w: 0.7898511}
  m_LocalPosition: {x: 1.659, y: 0.192, z: -0.275}
  m_LocalScale: {x: 1, y: 1, z: 1}
  m_Children: []
  m_Father: {fileID: 1273584446988878210}
  m_RootOrder: 2
  m_LocalEulerAnglesHint: {x: 0, y: -75.657005, z: 0}
--- !u!65 &425186098
BoxCollider:
  m_ObjectHideFlags: 0
  m_CorrespondingSourceObject: {fileID: 0}
  m_PrefabInstance: {fileID: 0}
  m_PrefabAsset: {fileID: 0}
  m_GameObject: {fileID: 425186096}
  m_Material: {fileID: 0}
  m_IsTrigger: 0
  m_Enabled: 1
  serializedVersion: 2
  m_Size: {x: 1.1848896, y: 1.1056646, z: 0.5251792}
  m_Center: {x: -0.09245207, y: 0.05283218, z: -0.2374222}
--- !u!1 &428349830
GameObject:
  m_ObjectHideFlags: 0
  m_CorrespondingSourceObject: {fileID: 0}
  m_PrefabInstance: {fileID: 0}
  m_PrefabAsset: {fileID: 0}
  serializedVersion: 6
  m_Component:
  - component: {fileID: 428349831}
  - component: {fileID: 428349832}
  m_Layer: 0
  m_Name: murofuente
  m_TagString: Untagged
  m_Icon: {fileID: 0}
  m_NavMeshLayer: 0
  m_StaticEditorFlags: 0
  m_IsActive: 1
--- !u!4 &428349831
Transform:
  m_ObjectHideFlags: 0
  m_CorrespondingSourceObject: {fileID: 0}
  m_PrefabInstance: {fileID: 0}
  m_PrefabAsset: {fileID: 0}
  m_GameObject: {fileID: 428349830}
  m_LocalRotation: {x: 7.105428e-15, y: -0.92583734, z: -0, w: 0.3779223}
  m_LocalPosition: {x: -1.708, y: 0.192, z: -1.444}
  m_LocalScale: {x: 1, y: 1, z: 1}
  m_Children: []
  m_Father: {fileID: 1273584446988878210}
  m_RootOrder: 5
  m_LocalEulerAnglesHint: {x: 0, y: -135.59001, z: 0}
--- !u!65 &428349832
BoxCollider:
  m_ObjectHideFlags: 0
  m_CorrespondingSourceObject: {fileID: 0}
  m_PrefabInstance: {fileID: 0}
  m_PrefabAsset: {fileID: 0}
  m_GameObject: {fileID: 428349830}
  m_Material: {fileID: 0}
  m_IsTrigger: 0
  m_Enabled: 1
  serializedVersion: 2
  m_Size: {x: 1.1848896, y: 1.1056646, z: 0.48423252}
  m_Center: {x: -0.09245207, y: 0.05283218, z: -0.25789553}
--- !u!1 &623075782
GameObject:
  m_ObjectHideFlags: 0
  m_CorrespondingSourceObject: {fileID: 0}
  m_PrefabInstance: {fileID: 0}
  m_PrefabAsset: {fileID: 0}
  serializedVersion: 6
  m_Component:
  - component: {fileID: 623075783}
  - component: {fileID: 623075784}
  m_Layer: 0
  m_Name: murofuente
  m_TagString: Untagged
  m_Icon: {fileID: 0}
  m_NavMeshLayer: 0
  m_StaticEditorFlags: 0
  m_IsActive: 1
--- !u!4 &623075783
Transform:
  m_ObjectHideFlags: 0
  m_CorrespondingSourceObject: {fileID: 0}
  m_PrefabInstance: {fileID: 0}
  m_PrefabAsset: {fileID: 0}
  m_GameObject: {fileID: 623075782}
  m_LocalRotation: {x: -0, y: -0.12947784, z: 4.440892e-15, w: 0.9915824}
  m_LocalPosition: {x: 0.39184564, y: 0.19199991, z: -1.6144971}
  m_LocalScale: {x: 1, y: 1, z: 1}
  m_Children: []
  m_Father: {fileID: 1273584446988878210}
  m_RootOrder: 3
  m_LocalEulerAnglesHint: {x: 0, y: -14.879001, z: 0}
--- !u!65 &623075784
BoxCollider:
  m_ObjectHideFlags: 0
  m_CorrespondingSourceObject: {fileID: 0}
  m_PrefabInstance: {fileID: 0}
  m_PrefabAsset: {fileID: 0}
  m_GameObject: {fileID: 623075782}
  m_Material: {fileID: 0}
  m_IsTrigger: 0
  m_Enabled: 1
  serializedVersion: 2
  m_Size: {x: 1.1848896, y: 1.1056646, z: 0.48423252}
  m_Center: {x: -0.09245207, y: 0.05283218, z: -0.25789553}
--- !u!1 &728329279
GameObject:
  m_ObjectHideFlags: 0
  m_CorrespondingSourceObject: {fileID: 0}
  m_PrefabInstance: {fileID: 0}
  m_PrefabAsset: {fileID: 0}
  serializedVersion: 6
  m_Component:
  - component: {fileID: 728329280}
  - component: {fileID: 728329281}
  m_Layer: 0
  m_Name: murofuente
  m_TagString: Untagged
  m_Icon: {fileID: 0}
  m_NavMeshLayer: 0
  m_StaticEditorFlags: 0
  m_IsActive: 1
--- !u!4 &728329280
Transform:
  m_ObjectHideFlags: 0
  m_CorrespondingSourceObject: {fileID: 0}
  m_PrefabInstance: {fileID: 0}
  m_PrefabAsset: {fileID: 0}
  m_GameObject: {fileID: 728329279}
  m_LocalRotation: {x: 7.1054274e-15, y: -0.36084592, z: 3.5527137e-15, w: 0.9326255}
  m_LocalPosition: {x: -1.461, y: 0.192, z: 1.73}
  m_LocalScale: {x: 1, y: 1, z: 1}
  m_Children: []
  m_Father: {fileID: 1273584446988878210}
  m_RootOrder: 1
  m_LocalEulerAnglesHint: {x: 0, y: -42.304, z: 0}
--- !u!65 &728329281
BoxCollider:
  m_ObjectHideFlags: 0
  m_CorrespondingSourceObject: {fileID: 0}
  m_PrefabInstance: {fileID: 0}
  m_PrefabAsset: {fileID: 0}
  m_GameObject: {fileID: 728329279}
  m_Material: {fileID: 0}
  m_IsTrigger: 0
  m_Enabled: 1
  serializedVersion: 2
  m_Size: {x: 1.1848896, y: 1.1056646, z: 0.48423252}
  m_Center: {x: -0.09245207, y: 0.05283218, z: -0.25789553}
--- !u!1 &969691665
GameObject:
  m_ObjectHideFlags: 0
  m_CorrespondingSourceObject: {fileID: 0}
  m_PrefabInstance: {fileID: 0}
  m_PrefabAsset: {fileID: 0}
  serializedVersion: 6
  m_Component:
  - component: {fileID: 969691666}
  - component: {fileID: 969691667}
  m_Layer: 9
  m_Name: suelofuente (4)
  m_TagString: Untagged
  m_Icon: {fileID: 0}
  m_NavMeshLayer: 0
  m_StaticEditorFlags: 0
  m_IsActive: 1
--- !u!4 &969691666
Transform:
  m_ObjectHideFlags: 0
  m_CorrespondingSourceObject: {fileID: 0}
  m_PrefabInstance: {fileID: 0}
  m_PrefabAsset: {fileID: 0}
  m_GameObject: {fileID: 969691665}
  m_LocalRotation: {x: -0, y: -0.9846911, z: -7.105428e-15, w: 0.17430869}
  m_LocalPosition: {x: -0.20481987, y: 0.049, z: 0.03633938}
  m_LocalScale: {x: 1, y: 1, z: 1}
  m_Children: []
  m_Father: {fileID: 1273584446988878210}
  m_RootOrder: 18
  m_LocalEulerAnglesHint: {x: 0, y: -159.923, z: 0}
--- !u!65 &969691667
BoxCollider:
  m_ObjectHideFlags: 0
  m_CorrespondingSourceObject: {fileID: 0}
  m_PrefabInstance: {fileID: 0}
  m_PrefabAsset: {fileID: 0}
  m_GameObject: {fileID: 969691665}
  m_Material: {fileID: 0}
  m_IsTrigger: 0
  m_Enabled: 1
  serializedVersion: 2
  m_Size: {x: 3.9200993, y: 0.27405787, z: 1}
  m_Center: {x: -0.10563813, y: 0.1622772, z: 1.2623531e-15}
--- !u!1 &979743338
GameObject:
  m_ObjectHideFlags: 0
  m_CorrespondingSourceObject: {fileID: 0}
  m_PrefabInstance: {fileID: 0}
  m_PrefabAsset: {fileID: 0}
  serializedVersion: 6
  m_Component:
  - component: {fileID: 979743339}
  - component: {fileID: 979743340}
  m_Layer: 0
  m_Name: murofuente
  m_TagString: Untagged
  m_Icon: {fileID: 0}
  m_NavMeshLayer: 0
  m_StaticEditorFlags: 0
  m_IsActive: 1
--- !u!4 &979743339
Transform:
  m_ObjectHideFlags: 0
  m_CorrespondingSourceObject: {fileID: 0}
  m_PrefabInstance: {fileID: 0}
  m_PrefabAsset: {fileID: 0}
  m_GameObject: {fileID: 979743338}
  m_LocalRotation: {x: 7.1054274e-15, y: -0.13692753, z: 3.5527137e-15, w: 0.9905811}
  m_LocalPosition: {x: -0.532, y: 0.192, z: 2.17}
  m_LocalScale: {x: 1, y: 1, z: 1}
  m_Children: []
  m_Father: {fileID: 1273584446988878210}
  m_RootOrder: 9
  m_LocalEulerAnglesHint: {x: 0, y: -15.740001, z: 0}
--- !u!65 &979743340
BoxCollider:
  m_ObjectHideFlags: 0
  m_CorrespondingSourceObject: {fileID: 0}
  m_PrefabInstance: {fileID: 0}
  m_PrefabAsset: {fileID: 0}
  m_GameObject: {fileID: 979743338}
  m_Material: {fileID: 0}
  m_IsTrigger: 0
  m_Enabled: 1
  serializedVersion: 2
  m_Size: {x: 1.1848896, y: 1.1056646, z: 0.48423252}
  m_Center: {x: -0.09245207, y: 0.05283218, z: -0.25789553}
--- !u!1 &1034882939
GameObject:
  m_ObjectHideFlags: 0
  m_CorrespondingSourceObject: {fileID: 0}
  m_PrefabInstance: {fileID: 0}
  m_PrefabAsset: {fileID: 0}
  serializedVersion: 6
  m_Component:
  - component: {fileID: 1034882940}
  - component: {fileID: 1034882941}
  m_Layer: 0
  m_Name: murofuente
  m_TagString: Untagged
  m_Icon: {fileID: 0}
  m_NavMeshLayer: 0
  m_StaticEditorFlags: 0
  m_IsActive: 1
--- !u!4 &1034882940
Transform:
  m_ObjectHideFlags: 0
  m_CorrespondingSourceObject: {fileID: 0}
  m_PrefabInstance: {fileID: 0}
  m_PrefabAsset: {fileID: 0}
  m_GameObject: {fileID: 1034882939}
  m_LocalRotation: {x: -0, y: -0.7975538, z: 1.4210855e-14, w: 0.6032479}
  m_LocalPosition: {x: 1.5875007, y: 0.1919996, z: 0.58658296}
  m_LocalScale: {x: 1, y: 1, z: 1}
  m_Children: []
  m_Father: {fileID: 1273584446988878210}
  m_RootOrder: 11
  m_LocalEulerAnglesHint: {x: 0, y: -105.79401, z: 0}
--- !u!65 &1034882941
BoxCollider:
  m_ObjectHideFlags: 0
  m_CorrespondingSourceObject: {fileID: 0}
  m_PrefabInstance: {fileID: 0}
  m_PrefabAsset: {fileID: 0}
  m_GameObject: {fileID: 1034882939}
  m_Material: {fileID: 0}
  m_IsTrigger: 0
  m_Enabled: 1
  serializedVersion: 2
  m_Size: {x: 1.1848896, y: 1.1056646, z: 0.50091374}
  m_Center: {x: -0.09245206, y: 0.05283218, z: -0.24955492}
--- !u!1 &1070342278
GameObject:
  m_ObjectHideFlags: 0
  m_CorrespondingSourceObject: {fileID: 0}
  m_PrefabInstance: {fileID: 0}
  m_PrefabAsset: {fileID: 0}
  serializedVersion: 6
  m_Component:
  - component: {fileID: 1070342279}
  - component: {fileID: 1070342280}
  m_Layer: 9
  m_Name: suelofuente (1)
  m_TagString: Untagged
  m_Icon: {fileID: 0}
  m_NavMeshLayer: 0
  m_StaticEditorFlags: 0
  m_IsActive: 1
--- !u!4 &1070342279
Transform:
  m_ObjectHideFlags: 0
  m_CorrespondingSourceObject: {fileID: 0}
  m_PrefabInstance: {fileID: 0}
  m_PrefabAsset: {fileID: 0}
  m_GameObject: {fileID: 1070342278}
  m_LocalRotation: {x: -0, y: -0.51921165, z: -0, w: 0.8546457}
  m_LocalPosition: {x: -0.056927014, y: 0.04900001, z: 0.09374763}
  m_LocalScale: {x: 1, y: 1, z: 1}
  m_Children: []
  m_Father: {fileID: 1273584446988878210}
  m_RootOrder: 15
  m_LocalEulerAnglesHint: {x: 0, y: -62.559002, z: 0}
--- !u!65 &1070342280
BoxCollider:
  m_ObjectHideFlags: 0
  m_CorrespondingSourceObject: {fileID: 0}
  m_PrefabInstance: {fileID: 0}
  m_PrefabAsset: {fileID: 0}
  m_GameObject: {fileID: 1070342278}
  m_Material: {fileID: 0}
  m_IsTrigger: 0
  m_Enabled: 1
  serializedVersion: 2
  m_Size: {x: 3.9200993, y: 0.27405787, z: 1}
  m_Center: {x: -0.10563813, y: 0.1622772, z: 1.2623531e-15}
--- !u!1 &1199003235
GameObject:
  m_ObjectHideFlags: 0
  m_CorrespondingSourceObject: {fileID: 0}
  m_PrefabInstance: {fileID: 0}
  m_PrefabAsset: {fileID: 0}
  serializedVersion: 6
  m_Component:
  - component: {fileID: 1199003236}
  - component: {fileID: 1199003237}
  m_Layer: 0
  m_Name: murofuente
  m_TagString: Untagged
  m_Icon: {fileID: 0}
  m_NavMeshLayer: 0
  m_StaticEditorFlags: 0
  m_IsActive: 1
--- !u!4 &1199003236
Transform:
  m_ObjectHideFlags: 0
  m_CorrespondingSourceObject: {fileID: 0}
  m_PrefabInstance: {fileID: 0}
  m_PrefabAsset: {fileID: 0}
  m_GameObject: {fileID: 1199003235}
  m_LocalRotation: {x: -7.1054265e-15, y: -0.38480243, z: 7.1054265e-15, w: 0.9229989}
  m_LocalPosition: {x: 1.237558, y: 0.19199806, z: -1.0941489}
  m_LocalScale: {x: 1, y: 1, z: 1}
  m_Children: []
  m_Father: {fileID: 1273584446988878210}
  m_RootOrder: 0
  m_LocalEulerAnglesHint: {x: 0, y: -45.263, z: 0}
--- !u!65 &1199003237
BoxCollider:
  m_ObjectHideFlags: 0
  m_CorrespondingSourceObject: {fileID: 0}
  m_PrefabInstance: {fileID: 0}
  m_PrefabAsset: {fileID: 0}
  m_GameObject: {fileID: 1199003235}
  m_Material: {fileID: 0}
  m_IsTrigger: 0
  m_Enabled: 1
  serializedVersion: 2
  m_Size: {x: 1.1848896, y: 1.1056646, z: 0.48847958}
  m_Center: {x: -0.09245208, y: 0.05283218, z: -0.255772}
--- !u!1 &1299289953
GameObject:
  m_ObjectHideFlags: 0
  m_CorrespondingSourceObject: {fileID: 0}
  m_PrefabInstance: {fileID: 0}
  m_PrefabAsset: {fileID: 0}
  serializedVersion: 6
  m_Component:
  - component: {fileID: 1299289954}
  - component: {fileID: 1299289955}
  m_Layer: 0
  m_Name: murofuente
  m_TagString: Untagged
  m_Icon: {fileID: 0}
  m_NavMeshLayer: 0
  m_StaticEditorFlags: 0
  m_IsActive: 1
--- !u!4 &1299289954
Transform:
  m_ObjectHideFlags: 0
  m_CorrespondingSourceObject: {fileID: 0}
  m_PrefabInstance: {fileID: 0}
  m_PrefabAsset: {fileID: 0}
  m_GameObject: {fileID: 1299289953}
  m_LocalRotation: {x: -7.105428e-15, y: 0.10057775, z: 6.2172494e-15, w: 0.99492925}
  m_LocalPosition: {x: 0.349, y: 0.192, z: 2.18}
  m_LocalScale: {x: 1, y: 1, z: 1}
  m_Children: []
  m_Father: {fileID: 1273584446988878210}
  m_RootOrder: 8
  m_LocalEulerAnglesHint: {x: 0, y: 11.545, z: 0}
--- !u!65 &1299289955
BoxCollider:
  m_ObjectHideFlags: 0
  m_CorrespondingSourceObject: {fileID: 0}
  m_PrefabInstance: {fileID: 0}
  m_PrefabAsset: {fileID: 0}
  m_GameObject: {fileID: 1299289953}
  m_Material: {fileID: 0}
  m_IsTrigger: 0
  m_Enabled: 1
  serializedVersion: 2
  m_Size: {x: 1.2809713, y: 1.1056646, z: 0.48423252}
  m_Center: {x: -0.04441123, y: 0.05283218, z: -0.2578955}
--- !u!1 &1429394680
GameObject:
  m_ObjectHideFlags: 0
  m_CorrespondingSourceObject: {fileID: 0}
  m_PrefabInstance: {fileID: 0}
  m_PrefabAsset: {fileID: 0}
  serializedVersion: 6
  m_Component:
  - component: {fileID: 1429394681}
  - component: {fileID: 1429394682}
  m_Layer: 0
  m_Name: fuenteprincipal
  m_TagString: Untagged
  m_Icon: {fileID: 0}
  m_NavMeshLayer: 0
  m_StaticEditorFlags: 0
  m_IsActive: 1
--- !u!4 &1429394681
Transform:
  m_ObjectHideFlags: 0
  m_CorrespondingSourceObject: {fileID: 0}
  m_PrefabInstance: {fileID: 0}
  m_PrefabAsset: {fileID: 0}
  m_GameObject: {fileID: 1429394680}
  m_LocalRotation: {x: 0, y: 0, z: 0, w: 1}
  m_LocalPosition: {x: -0.049, y: 1.636, z: -0.047}
  m_LocalScale: {x: 1, y: 1, z: 1}
  m_Children: []
  m_Father: {fileID: 1273584446988878210}
  m_RootOrder: 12
  m_LocalEulerAnglesHint: {x: 0, y: 0, z: 0}
--- !u!65 &1429394682
BoxCollider:
  m_ObjectHideFlags: 0
  m_CorrespondingSourceObject: {fileID: 0}
  m_PrefabInstance: {fileID: 0}
  m_PrefabAsset: {fileID: 0}
  m_GameObject: {fileID: 1429394680}
  m_Material: {fileID: 0}
  m_IsTrigger: 0
  m_Enabled: 1
  serializedVersion: 2
  m_Size: {x: 1.2167592, y: 4.286332, z: 1.4586345}
  m_Center: {x: 0.04500169, y: 0.48752782, z: 0.013186747}
--- !u!1 &1478183480
GameObject:
  m_ObjectHideFlags: 0
  m_CorrespondingSourceObject: {fileID: 0}
  m_PrefabInstance: {fileID: 0}
  m_PrefabAsset: {fileID: 0}
  serializedVersion: 6
  m_Component:
  - component: {fileID: 1478183481}
  - component: {fileID: 1478183482}
  m_Layer: 9
  m_Name: suelofuente
  m_TagString: Untagged
  m_Icon: {fileID: 0}
  m_NavMeshLayer: 0
  m_StaticEditorFlags: 0
  m_IsActive: 1
--- !u!4 &1478183481
Transform:
  m_ObjectHideFlags: 0
  m_CorrespondingSourceObject: {fileID: 0}
  m_PrefabInstance: {fileID: 0}
  m_PrefabAsset: {fileID: 0}
  m_GameObject: {fileID: 1478183480}
  m_LocalRotation: {x: 7.1054274e-15, y: -0.24357422, z: -0, w: 0.9698823}
  m_LocalPosition: {x: -0.012559155, y: 0.049, z: 0.049907964}
  m_LocalScale: {x: 1, y: 1, z: 1}
  m_Children: []
  m_Father: {fileID: 1273584446988878210}
  m_RootOrder: 14
  m_LocalEulerAnglesHint: {x: 0, y: -28.195002, z: 0}
--- !u!65 &1478183482
BoxCollider:
  m_ObjectHideFlags: 0
  m_CorrespondingSourceObject: {fileID: 0}
  m_PrefabInstance: {fileID: 0}
  m_PrefabAsset: {fileID: 0}
  m_GameObject: {fileID: 1478183480}
  m_Material: {fileID: 0}
  m_IsTrigger: 0
  m_Enabled: 1
  serializedVersion: 2
  m_Size: {x: 3.9200993, y: 0.27405787, z: 1}
  m_Center: {x: -0.10563813, y: 0.1622772, z: 1.2623531e-15}
--- !u!1 &1511242017
GameObject:
  m_ObjectHideFlags: 0
  m_CorrespondingSourceObject: {fileID: 0}
  m_PrefabInstance: {fileID: 0}
  m_PrefabAsset: {fileID: 0}
  serializedVersion: 6
  m_Component:
  - component: {fileID: 1511242018}
  - component: {fileID: 1511242019}
  m_Layer: 9
  m_Name: suelofuente (2)
  m_TagString: Untagged
  m_Icon: {fileID: 0}
  m_NavMeshLayer: 0
  m_StaticEditorFlags: 0
  m_IsActive: 1
--- !u!4 &1511242018
Transform:
  m_ObjectHideFlags: 0
  m_CorrespondingSourceObject: {fileID: 0}
  m_PrefabInstance: {fileID: 0}
  m_PrefabAsset: {fileID: 0}
  m_GameObject: {fileID: 1511242017}
  m_LocalRotation: {x: 3.5527137e-15, y: -0.7257846, z: -0, w: 0.6879221}
  m_LocalPosition: {x: -0.111295246, y: 0.04900001, z: 0.10546168}
  m_LocalScale: {x: 1, y: 1, z: 1}
  m_Children: []
  m_Father: {fileID: 1273584446988878210}
  m_RootOrder: 16
  m_LocalEulerAnglesHint: {x: 0, y: -93.068, z: 0}
--- !u!65 &1511242019
BoxCollider:
  m_ObjectHideFlags: 0
  m_CorrespondingSourceObject: {fileID: 0}
  m_PrefabInstance: {fileID: 0}
  m_PrefabAsset: {fileID: 0}
  m_GameObject: {fileID: 1511242017}
  m_Material: {fileID: 0}
  m_IsTrigger: 0
  m_Enabled: 1
  serializedVersion: 2
  m_Size: {x: 3.9200993, y: 0.27405787, z: 1}
  m_Center: {x: -0.10563813, y: 0.1622772, z: 1.2623531e-15}
--- !u!1 &2034263975
GameObject:
  m_ObjectHideFlags: 0
  m_CorrespondingSourceObject: {fileID: 0}
  m_PrefabInstance: {fileID: 0}
  m_PrefabAsset: {fileID: 0}
  serializedVersion: 6
  m_Component:
  - component: {fileID: 2034263976}
  - component: {fileID: 2034263977}
  m_Layer: 9
  m_Name: suelofuente
  m_TagString: Untagged
  m_Icon: {fileID: 0}
  m_NavMeshLayer: 0
  m_StaticEditorFlags: 0
  m_IsActive: 1
--- !u!4 &2034263976
Transform:
  m_ObjectHideFlags: 0
  m_CorrespondingSourceObject: {fileID: 0}
  m_PrefabInstance: {fileID: 0}
  m_PrefabAsset: {fileID: 0}
  m_GameObject: {fileID: 2034263975}
  m_LocalRotation: {x: 0, y: 0, z: 0, w: 1}
  m_LocalPosition: {x: 0, y: 0.049, z: -0}
  m_LocalScale: {x: 1, y: 1, z: 1}
  m_Children: []
  m_Father: {fileID: 1273584446988878210}
  m_RootOrder: 13
  m_LocalEulerAnglesHint: {x: 0, y: 0, z: 0}
--- !u!65 &2034263977
BoxCollider:
  m_ObjectHideFlags: 0
  m_CorrespondingSourceObject: {fileID: 0}
  m_PrefabInstance: {fileID: 0}
  m_PrefabAsset: {fileID: 0}
  m_GameObject: {fileID: 2034263975}
  m_Material: {fileID: 0}
  m_IsTrigger: 0
  m_Enabled: 1
  serializedVersion: 2
  m_Size: {x: 3.9200993, y: 0.27405787, z: 1}
  m_Center: {x: -0.10563813, y: 0.1622772, z: 1.2623531e-15}
--- !u!1 &2045847525
GameObject:
  m_ObjectHideFlags: 0
  m_CorrespondingSourceObject: {fileID: 0}
  m_PrefabInstance: {fileID: 0}
  m_PrefabAsset: {fileID: 0}
  serializedVersion: 6
  m_Component:
  - component: {fileID: 2045847526}
  - component: {fileID: 2045847527}
  m_Layer: 0
  m_Name: murofuente
  m_TagString: Untagged
  m_Icon: {fileID: 0}
  m_NavMeshLayer: 0
  m_StaticEditorFlags: 0
  m_IsActive: 1
--- !u!4 &2045847526
Transform:
  m_ObjectHideFlags: 0
  m_CorrespondingSourceObject: {fileID: 0}
  m_PrefabInstance: {fileID: 0}
  m_PrefabAsset: {fileID: 0}
  m_GameObject: {fileID: 2045847525}
  m_LocalRotation: {x: 7.1054274e-15, y: -0.92583734, z: -0, w: 0.3779223}
  m_LocalPosition: {x: 1.02, y: 0.192, z: 1.34}
  m_LocalScale: {x: 1, y: 1, z: 1}
  m_Children: []
  m_Father: {fileID: 1273584446988878210}
  m_RootOrder: 10
  m_LocalEulerAnglesHint: {x: 0, y: -135.59001, z: 0}
--- !u!65 &2045847527
BoxCollider:
  m_ObjectHideFlags: 0
  m_CorrespondingSourceObject: {fileID: 0}
  m_PrefabInstance: {fileID: 0}
  m_PrefabAsset: {fileID: 0}
  m_GameObject: {fileID: 2045847525}
  m_Material: {fileID: 0}
  m_IsTrigger: 0
  m_Enabled: 1
  serializedVersion: 2
  m_Size: {x: 1.1848896, y: 1.1056646, z: 0.48423252}
  m_Center: {x: -0.09245207, y: 0.05283218, z: -0.25789553}
--- !u!1001 &1273584446988753666
PrefabInstance:
  m_ObjectHideFlags: 0
  serializedVersion: 2
  m_Modification:
    m_TransformParent: {fileID: 0}
    m_Modifications:
    - target: {fileID: 100000, guid: 3dd25393369e3654a81e8fad86b3f93d, type: 3}
      propertyPath: m_Name
      value: FuenteRuina
      objectReference: {fileID: 0}
    - target: {fileID: 400000, guid: 3dd25393369e3654a81e8fad86b3f93d, type: 3}
      propertyPath: m_LocalPosition.x
      value: 282.98956
      objectReference: {fileID: 0}
    - target: {fileID: 400000, guid: 3dd25393369e3654a81e8fad86b3f93d, type: 3}
      propertyPath: m_LocalPosition.y
      value: 0.003385688
      objectReference: {fileID: 0}
    - target: {fileID: 400000, guid: 3dd25393369e3654a81e8fad86b3f93d, type: 3}
      propertyPath: m_LocalPosition.z
      value: 255.68211
      objectReference: {fileID: 0}
    - target: {fileID: 400000, guid: 3dd25393369e3654a81e8fad86b3f93d, type: 3}
      propertyPath: m_LocalRotation.x
      value: 0.000000081460335
      objectReference: {fileID: 0}
    - target: {fileID: 400000, guid: 3dd25393369e3654a81e8fad86b3f93d, type: 3}
      propertyPath: m_LocalRotation.y
      value: 0
      objectReference: {fileID: 0}
    - target: {fileID: 400000, guid: 3dd25393369e3654a81e8fad86b3f93d, type: 3}
      propertyPath: m_LocalRotation.z
      value: -0
      objectReference: {fileID: 0}
    - target: {fileID: 400000, guid: 3dd25393369e3654a81e8fad86b3f93d, type: 3}
      propertyPath: m_LocalRotation.w
      value: 1
      objectReference: {fileID: 0}
    - target: {fileID: 400000, guid: 3dd25393369e3654a81e8fad86b3f93d, type: 3}
      propertyPath: m_RootOrder
      value: 0
      objectReference: {fileID: 0}
    - target: {fileID: 400000, guid: 3dd25393369e3654a81e8fad86b3f93d, type: 3}
      propertyPath: m_LocalEulerAnglesHint.x
      value: 0
      objectReference: {fileID: 0}
    - target: {fileID: 400000, guid: 3dd25393369e3654a81e8fad86b3f93d, type: 3}
      propertyPath: m_LocalEulerAnglesHint.y
      value: 0
      objectReference: {fileID: 0}
    - target: {fileID: 400000, guid: 3dd25393369e3654a81e8fad86b3f93d, type: 3}
      propertyPath: m_LocalEulerAnglesHint.z
      value: 0
      objectReference: {fileID: 0}
    m_RemovedComponents: []
  m_SourcePrefab: {fileID: 100100000, guid: 3dd25393369e3654a81e8fad86b3f93d, type: 3}
--- !u!4 &1273584446988878210 stripped
Transform:
  m_CorrespondingSourceObject: {fileID: 400000, guid: 3dd25393369e3654a81e8fad86b3f93d,
    type: 3}
  m_PrefabInstance: {fileID: 1273584446988753666}
  m_PrefabAsset: {fileID: 0}
